4134 6134
823 343 984 406 nittoot.
1661 354 1702 413 aa

97 485 151 544 ca'ir
164 483 276 564 πρόσδεν
297 481 384 546 αὗτοῗς
404 475 568 559 ἀρεσκόντων
584 474 718 555 δδορῦδως
738 473 784 536 καὶ
803 475 870 548 ‹iiii-

96 597 166 639 κτως
179 571 224 632 καλ
240 571 297 649 μεθ’
309 569 405 641 ἡδονῆς
417 569 539 647 ἀφεῖσαν.

465 739 510 800 ’δι”

140 905 244 969 Joann.
256 900 338 962 Stob.
350 899 453 976 Floril,
464 897 527 974 XX,
540 897 578 955 65
593 892 647 972 2‘0
659 893 801 972 ispiciens
810 894 872 956 nei-

99 999 142 1062 δος
157 993 279 1069 θηριῶδες
299 987 347 1066 μὲν
360 989 395 1065 τῇ
409 985 540 1060 διαθέσει,
553 982 659 1063 σονιχδς
677 981 704 1042 ii
724 987 757 1062 τῇ
776 981 870 1062 λήψει,

97 1079 214 1160 σκληρὸν
234 1077 262 1138 δὲ
284 1077 331 1137 καὶ
355 1075 440 1155 βίαιον
458 1079 493 1154 τῇ
513 1069 642 1150 δυνάμει,
668 1069 752 1152 φόνων
773 1069 872 1145 αἴτεον,

98 1177 235 1248 συμφορᾶς
248 1165 405 1244 σύμμαχον,
429 1160 531 1242 βλάὸης
547 1159 670 1238 συνεργὸν
685 1158 731 1218 καῖ
745 1156 871 1234 ἀτιμίας,

98 1254 243 1336 χρημάτων
253 1249 422 1324 imitemin
434 1247 461 1308 δὲ
470 1250 517 1308 καῖ
526 1251 623 1328 ρθορῖς
634 1244 758 1326 ἀρχηγόν.
764 1243 871 1304 Εειῖειιε

101 1345 219 1405 Maxim.
237 1363 262 1401 c.
282 1362 335 1417 19,
349 1339 427 1418 opud
441 1356 527 1416 quem
548 1356 603 1414 pro
626 1333 708 1412 λήψει
726 1331 812 1412 θλίψει
826 1333 872 1390 le-

98 1432 188 1508 gitur.

143 1773 340 1838 tonumstob.
350 1772 451 1831 Floril.
463 1769 527 1844 xli,
541 1770 578 1828 55
593 1765 875 1847 εἎριστοτῖλους·

102 1863 209 1940 ’Ὥσπερ
228 1866 243 1920 δ
262 1858 360 1926 ααπνδς
382 1857 529 1918 insitiuum
550 1855 596 1922 circ
611 1853 682 1934 ὄψεις
703 1855 750 1913 οὐκ
767 1857 798 1934 ἐξ
814 1853 875 1934 βλέ-

105 1975 167 2010 πειν
181 1950 212 2010 εδ
224 1948 343 2026 αεῖμινον
359 1947 385 2004 δν
402 1953 454 2020 τοῖς
469 1943 566 2014 ποσὶν,
583 1939 692 2008 oiseii
710 1939 789 2017 δυμδς
801 1945 875 2001 inat·

106 2044 212 2118 ρόμενος
234 2041 273 2116 τῷ
286 2035 405 2115 λογισμῷ
424 2037 557 2094 ἐπισκοτεῖ
570 2033 615 2089 καὶ
629 2030 659 2090 ri
675 2029 874 2108 συμδησόμενσν

101 2127 131 2196 ἐξ
148 2130 225 2186 αὐτοῦ
247 2125 344 2183 ἄτοπον
358 2121 407 2180 oia
426 2118 521 2200 ἀφίησι
543 2120 577 2196 τῇ
602 2116 703 2196 διανοίη
731 2115 875 2195 προλαδεῖν

107 2216 156 2292 (ita
167 2213 270 2272 lloaius
281 2230 335 2290 pro
343 2209 425 2284 vulg.
436 2203 624 2286 npcclaiaic).
638 2203 744 2264 Eadem
755 2204 874 2265 Maxim.

99 2301 185 2359 (loni.
206 2321 232 2358 c.
261 2318 306 2374 19,
319 2295 373 2355 ubi
394 2314 449 2374 pro
474 2291 590 2372 βλέπειν,
609 2293 768 2372 προδλὲπιιν
793 2295 877 2352 etita

100 2407 219 2466 quoque
232 2406 288 2465 pro
301 2381 455 2464 spoletinis.

145 2480 218 2552 Apte
232 2472 475 2552 comparatltose
495 2470 574 2548 quod
589 2469 686 2530 simile
697 2468 809 2528 dictum
831 2481 876 2526 cst

105 2564 183 2644 apud
205 2563 407 2622 Philodamum
428 2560 466 2619 de
490 2558 553 2630 lra‚
573 2560 606 2618 in
620 2556 740 2617 Votum.
757 2557 875 2616 Hercul.

104 2668 128 2712 t.
154 2650 293 2723 l,0xon.
308 2651 397 2721 1824,
408 2649 465 2707 dol.
480 2657 516 2720 71⁸
535 2666 543 2705 ε
558 2645 638 2724 Παρδι
648 2644 671 2702 δ’
686 2645 724 2702 ἑνὶ
736 2643 876 2724 Πασικρά·

102 2764 145 2798 πει
167 2739 272 2818 λέγεται
291 2737 348 2816 tib]
363 2735 412 2807 τὴν
431 2732 544 2815 φυσικὴν
560 2732 641 2811 ὀργὴν
656 2731 693 2807 pt,
716 2731 791 2809 μόνον
806 2730 875 2790 κατδ

107 2829 157 2898 τὴν
172 2826 240 2885 iiim
268 2825 345 2905 φύσιν
362 2825 472 2894 λυπεῖν,
494 2819 564 2880 itit
586 2819 632 2878 nni
656 2822 801 2878 ἐπισκοτεῖν
824 2820 878 2886 τοῖς

101 2914 240 2991 λογισμοῖς
250 2912 310 2972 ὅσον
324 2910 364 2992 ἐρ’
380 2912 480 2976 ἑαυτοῖς
494 2931 543 2968 α...
556 2906 651 2965 Nimis
664 2919 746 2965 acute
760 2919 873 2982 tamen,

107 3021 226 3079 vereor,
243 3000 319 3063 idem
338 3001 501 3078 suspicatur
514 2995 593 3054 hunc
606 2993 783 3052 Pasicratem
799 2991 878 3050 liho-

103 3087 294 3164 illumcujus
305 3104 411 3144 nomen
421 3081 537 3160 egregie
547 3081 685 3151 restituit,
694 3099 791 3158 proco
800 3079 879 3157 quod

107 3179 139 3234 in
155 3173 321 3253 apographo
336 3171 496 3231 oxoniensi
508 3179 537 3228 et
554 3171 586 3228 in
599 3169 692 3230 altera
706 3168 877 3226 collectione

104 3263 260 3323 Herculan.
285 3262 397 3320 volum.
412 3257 535 3338 Neapol.
553 3257 640 3326 1861,
654 3269 674 3314 t.
688 3255 714 3326 l,
731 3255 781 3315 l'ol.
792 3256 826 3312 61
837 3254 879 3312 le·

103 3353 185 3428 gitur
199 3371 369 3427 αασικρατει,
384 3348 436 3425 qui
452 3345 612 3423 discipulus
631 3341 795 3405 ¹Aristotelis
810 3341 879 3412 fuit,

105 3441 186 3499 tilius
197 3457 267 3496 vero
277 3437 379 3495 Boethi
389 3435 511 3494 Eudemi
527 3433 625 3490 fratris
637 3430 685 3512 (cl.
700 3429 794 3487 Schol.
808 3429 879 3486 nri-

105 3539 176 3584 stot.
185 3545 214 3602 p.
228 3524 298 3601 589,
308 3527 343 3597 rt,
356 3522 509 3592 ioBrand.
519 3534 548 3579 et
557 3520 671 3597 Asclep.
681 3517 755 3577 ibid.
768 3537 797 3593 p.
809 3517 878 3585 520,

105 3615 142 3684 Α,
158 3615 208 3689 7),
224 3626 369 3671 auctorem
385 3611 473 3670 luisse
485 3607 572 3678 libri,
589 3607 639 3684 qui
653 3619 753 3684 postea
767 3597 878 3660 tristo-

105 3701 173 3760 telis
186 3701 305 3759 nomine
318 3699 475 3778 inscriptus
488 3710 542 3757 est.

480 3878 548 3938 8,.

152 4039 258 4102 loann.
273 4039 352 4100 Stob.
373 4037 509 4113 Florileg.
528 4033 592 4107 XX,
609 4044 645 4106 47
673 4029 881 4111 τἈριστοτί-

932 478 1022 545 λοος·
1033 475 1072 538 Ἢ
1082 479 1131 556 οὔχ
1143 481 1222 558 δρᾷς,
1234 477 1275 536 δτι
1288 480 1340 537 riis
1352 478 1379 537 is
1390 480 1455 558 ὀργῇ
1467 479 1699 558 διαπραττομένων

932 563 1056 624 ἁπάντων
1071 568 1086 622 δ
1107 564 1231 642 λογισμὸς
1244 565 1380 640 ἀποδημεῖ
1398 566 1500 646 φεύγειν
1514 567 1559 626 τδν
1572 567 1654 645 opo
1668 573 1705 637 ὡς

932 651 1026 728 πικρὸν
1040 657 1181 730 siparum
1195 651 1302 711 Eadem
1316 653 1478 728 Maximus,
1490 675 1518 716 c.
1535 677 1582 733 19.

1138 851 1176 909 tt.
1199 757 1512 1028 swani

1382 1054 1399 1129 r

972 1046 1078 1106 Libros
1092 1047 1152 1126 περὶ
1174 1049 1296 1120 Ποιητῶν
1314 1047 1358 1126 (α’
1400 1049 1446 1130 ’γ’
1467 1051 1555 1127 Diog.
1571 1051 1605 1114 L.
1628 1055 1657 1126 3,
1679 1055 1704 1132 γ’

928 1138 1024 1196 Anon.
1042 1137 1077 1208 33
1090 1140 1127 1193 de
1135 1140 1238 1207 Poetis,
1251 1141 1315 1196 iibri
1331 1137 1385 1211 ΙΙΙ,
1397 1139 1558 1200 Πετῖεσειιοῖ.
1571 1142 1599 1220 6)
1611 1142 1705 1200 dialo-

929 1225 993 1300 gico
1004 1223 1096 1282 lorma
1109 1227 1289 1304 conscriptos
1298 1226 1387 1286 fuisse
1395 1238 1516 1285 testatur
1525 1239 1627 1286 auctor
1637 1227 1707 1288 Vita·

934 1311 1097 1370 Aristotelis
1109 1311 1275 1385 Marcianas,
1291 1334 1323 1391 p.
1337 1335 1354 1371 a
1369 1313 1471 1372 Robbe
1485 1336 1491 1371 :
1507 1312 1581 1380 Ἕως
1592 1315 1641 1390 μὲν
1661 1307 1705 1374 οὖν

932 1397 972 1456 ἔτι
985 1395 1041 1462 νέος
1054 1389 1101 1470 ἦν,
1114 1396 1163 1469 τὴν
1177 1401 1230 1458 τῶν
1245 1398 1387 1478 &antipate
1404 1400 1557 1460 ἐπαιδεύετο
1572 1402 1705 1472 παιδείαν,

930 1489 966 1552 ὡς
987 1484 1062 1558 δηλοῖ
1082 1483 1116 1544 rt
1131 1485 1302 1565 γεγραμμένα
1322 1489 1394 1565 αὐτῷ
1413 1487 1551 1570 Ὁμηρικὰ
1564 1491 1704 1567 ζητήματα

932 1575 978 1634 καλ
998 1578 1079 1646 ἡτῆς
1093 1573 1205 1640 Ἰλιάδος
1225 1575 1345 1647 δαδοσες,
1366 1574 1400 1646 ἣν
1420 1575 1515 1634 δέδωκε
1532 1578 1570 1655 τῷ
1586 1575 1706 1646 Ἀλεξάν-

931 1667 998 1746 δρςρ,
1008 1663 1055 1724 καὶ
1067 1667 1083 1724 δ
1095 1662 1157 1745 περὶ
1171 1663 1292 1736 Ποιητῖιν
1308 1663 1428 1742 διάλογος
1442 1663 1487 1721 καῖ
1498 1663 1529 1722 εδ
1546 1664 1606 1744 περὶ
1618 1666 1706 1736 Ποιη-

931 1755 1005 1824 τεκῆς
1017 1752 1179 1830 σύγγραμμα
1194 1751 1240 1811 καὶ
1258 1754 1286 1811 αἱ
1301 1751 1438 1833 ῥητορικαὶ
1454 1751 1563 1831 τέχναι,
1584 1755 1703 1831 quatita

932 1841 1075 1920 expressit
1088 1853 1171 1899 vetus
1187 1841 1333 1920 interpres
1351 1863 1358 1900 z
1377 1845 1541 1899 Aristotcles
1555 1852 1704 1916 aotemju-

932 1935 1006 1987 ienis
1018 1929 1112 1984 adduc
1125 1934 1259 1985 exsistens
1271 1932 1428 1986 doctrinam
1443 1933 1613 2004 'eloquentie
1626 1933 1708 1987 doce-

933 2019 1024 2086 batur,
1033 2029 1066 2072 ut
1075 2019 1222 2072 declarem
1230 2019 1382 2074 Homerica
1392 2030 1548 2073 commenta
1557 2023 1663 2092 scripta
1670 2019 1709 2074 αδ

935 2125 967 2162 co
976 2117 1004 2161 et
1015 2106 1119 2161 Iliadis
1133 2106 1288 2172 dictamen,
1307 2107 1383 2180 quod
1395 2107 1475 2160 dedit
1488 2107 1663 2169 Αἱεαανειίνο,
1681 2119 1709 2161 et

933 2194 1064 2266 dialogus
1072 2195 1111 2246 de
1118 2193 1212 2248 Poetis
1223 2203 1394 2248 atrectatus
1403 2193 1563 2247 dePoetica
1571 2205 1600 2246 et
1609 2192 1709 2248 Rheto-

934 2285 1005 2337 n'cn.
1024 2276 1160 2336 seierum
1178 2276 1324 2354 duplicem
1340 2277 1438 2355 potius
1459 2276 1547 2336 inisse
1562 2276 1705 2336 librorum

934 2364 1158 2443 inscriptionem
1176 2383 1241 2425 cum
1261 2383 1300 2426 ex
1319 2364 1411 2424 simili
1438 2364 1580 2441 conjicias
1600 2363 1706 2436 titulo,

933 2455 985 2532 qui
1006 2454 1083 2516 inter
1109 2453 1270 2514 Heraclidis
1284 2453 1402 2512 Pontici
1425 2453 1535 2531 scripta
1557 2452 1704 2526 laudatur,

934 2542 1011 2620 apud
1026 2542 1113 2618 Diog.
1130 2541 1226 2600 baert.
1239 2540 1275 2612 V,
1288 2541 1326 2598 88
1343 2562 1350 2599 :
1370 2541 1437 2618 Περὶ
1448 2545 1586 2612 ποιητικῆς
1598 2540 1642 2600 καλ
1655 2545 1707 2600 τῶν

936 2630 1060 2700 Ποιητῶν
1074 2627 1111 2701 α’,
1127 2642 1189 2687 tum
1202 2628 1272 2687 inde
1284 2628 1450 2705 praecipue,
1464 2627 1544 2706 quod
1567 2629 1654 2688 iidem
1674 2630 1709 2686 li-

934 2715 998 2788 bri,
1007 2730 1147 2795 quattuor
1159 2715 1301 2794 locisnapl
1312 2717 1450 2790 Ποιητῶν,
1459 2715 1555 2788 tribus
1566 2735 1636 2774 vero
1648 2717 1709 2794 περὶ

934 2807 1082 2878 Ποιητικῆς
1102 2805 1300 2864 nominantur.
1318 2803 1377 2862 Nec
1400 2805 1498 2862 minus
1513 2817 1622 2862 certum
1646 2819 1707 2875 est,

934 2891 1081 2969 duplicem
1091 2890 1166 2951 hanc
1178 2891 1398 2970 inscriptionem
1423 2890 1460 2947 iis
1478 2908 1544 2966 qnae
1554 2889 1591 2948 de
1605 2891 1708 2950 borum

935 2978 1081 3037 librorum
1092 2991 1264 3053 argumento
1275 2997 1312 3036 ex
1323 2975 1530 3054 superstitibus
1541 2977 1711 3051 fragmentis

936 3065 1083 3144 conjicere
1103 3066 1189 3137 licet,
1205 3065 1291 3124 unice
1306 3064 1480 3137 convenire,
1501 3065 1613 3142 quippe
1631 3087 1704 3144 quo-

936 3174 1000 3213 rum
1013 3154 1196 3232 propositum
1208 3172 1269 3209 non
1283 3153 1315 3210 in
1329 3151 1514 3210 recensendis
1528 3153 1625 3210 solum
1639 3173 1708 3231 poe-

935 3243 989 3313 tit,
1003 3253 1037 3300 ut
1057 3239 1240 3299 anonnullis
1256 3235 1396 3297 creditum
1412 3251 1473 3309 est,
1489 3240 1706 3314 continebatur,

936 3329 997 3400 sed,
1010 3348 1102 3406 quom
1112 3330 1151 3386 de
1165 3327 1258 3405 ipsius
1275 3328 1347 3384 artis
1360 3326 1482 3404 poeticae
1494 3341 1597 3386 natura
1610 3327 1707 3388 disse-

936 3429 1050 3488 rerent,
1065 3414 1144 3472 haud
1160 3413 1197 3472 ab
1216 3433 1252 3472 eo
1265 3413 1414 3471 diversum
1428 3425 1493 3470 erat
1508 3414 1589 3490 quod
1610 3430 1710 3493 postea

937 3504 1073 3563 tractavit
1086 3502 1282 3581 philosophus
1292 3501 1323 3560 in
1336 3500 1422 3560 libris
1437 3500 1474 3559 de
1485 3501 1620 3579 Poetica,
1636 3524 1708 3581 quo

936 3611 1001 3652 rum
1015 3591 1076 3650 sive
1097 3610 1167 3669 pars
1181 3591 1245 3649 sive
1259 3601 1428 3667 excerptum
1448 3589 1524 3648 inter
1545 3589 1710 3649 Aristotelis

936 3681 1045 3759 scripta
1060 3692 1206 3740 servatum
1220 3691 1273 3738 eat.

976 3767 1065 3826 Plura
1074 3767 1110 3826 de
1119 3766 1166 3824 bis
1176 3766 1463 3841 librisaBernaysio,
1479 3766 1499 3824 l.
1511 3766 1532 3825 l.
1551 3785 1579 3842 p.
1594 3787 1628 3822 ιο
1642 3785 1707 3843 sqq.

938 3868 1019 3913 acuite
1037 3854 1181 3933 disputata
1202 3866 1287 3928 sunt,
1298 3854 1352 3930 qui
1373 3865 1402 3908 et
1422 3850 1496 3910 illud
1513 3850 1711 3910 demonstrare

938 3962 1090 4020 aggressus
1109 3955 1153 4000 est
1170 3941 1220 4020 (p.
1235 3940 1285 4018 5),
1296 3943 1385 3998 verba
1397 3937 1584 4016 philosophi,
1600 3940 1709 3998 Poetic.

938 4052 962 4088 c.
986 4031 1033 4101 15,
1051 4031 1085 4088 15
1108 4050 1115 4086 ε
1132 4030 1224 4088 Ταῦτα
1241 4025 1273 4098 δὴ
1291 4029 1331 4085 δεῖ
1349 4026 1558 4103 διατηρεῖν,καὶ
1575 4025 1638 4104 πρὸς
1652 4027 1711 4086 τού-

322 4185 1474 4220 W

104 4307 252 4360 cantilenam
272 4308 413 4370 repetentes,
436 4313 528 4356 reemm
546 4303 712 4368 agendumque
729 4301 881 4366 negligentes.

109 4399 172 4447 tiam
184 4393 282 4444 eminio
291 4394 436 4458 singrdorum
444 4392 592 4457 negotmrum
604 4403 714 4454 magnam
726 4388 807 4440 damni
820 4401 884 4438 som·

110 4497 177 4532 mam
187 4481 275 4545 colligit
285 4480 464 4544 negligentibus.

389 4649 511 4703 'c.

146 4799 271 4850 iracundia
284 4803 323 4852 est
337 4800 483 4865 perturbatio
501 4799 613 4852 inmanis
630 4799 769 4864 allectione,
785 4801 846 4852 dura
862 4804 887 4852 ei

115 4888 221 4938 violenta
236 4889 356 4952 potentin,
372 4888 475 4938 caedium
488 4901 578 4950 mosa,
593 4889 735 4940 calamitatis
753 4890 816 4939 socia
827 4927 834 4950 ,
845 4889 883 4952 ja·

109 4977 209 5024 ctorem
224 4977 352 5027 concilians
364 4979 389 5027 ct
401 4975 521 5040 dedecus,
538 4976 690 5040 pecuniarum
709 4975 840 5042 pemieiet,
856 4978 884 5028 sd

110 5061 168 5112 naec
186 5063 324 5128 perditionis
336 5064 411 5128 origo.

1311 4299 1334 4345 7.

971 4439 1004 4488 ut
1014 4438 1095 4500 lunius
1107 4435 1243 4487 mordicans
1251 4434 1334 4485 oculos
1347 4447 1396 4485 non
1405 4433 1486 4484 uidere
1494 4434 1564 4494 sinit,
1577 4447 1634 4498 (γαπ
1647 4435 1710 4498 pedi-

941 4528 986 4578 bus
1002 4526 1126 4590 adjacent,
1141 4523 1177 4574 sie
1187 4521 1310 4574 iracundia
1322 4523 1434 4573 oborieoe
1446 4523 1561 4573 rationem
1570 4522 1674 4573 oiinscat
1685 4528 1709 4574 et

941 4629 996 4680 quae
1010 4615 1074 4666 bona
1085 4612 1196 4663 habitura
1209 4624 1279 4662 ment
1291 4611 1394 4661 lucrata
1416 4611 1524 4672 ratione,
1542 4610 1572 4660 iis
1589 4624 1637 4661 non
1654 4611 1711 4660 sinlt

940 4705 1016 4766 ipsam
1032 4699 1216 4752 incendiariae
1226 4699 1309 4749 laboro
1321 4711 1351 4748 ac
1367 4697 1477 4749 εαοῖοαῖῖε
1488 4697 1568 4761 potiri.

1313 4844 1336 4888 8.

970 4975 1055 5024 Nonne
1067 4972 1136 5022 rides
1155 4971 1186 5022 ab
1202 4965 1313 5022 omnibus
1326 4983 1382 5035 qne
1394 4983 1437 5034 per
1450 4971 1510 5020 iram
1530 4967 1711 5019 cnmndttuntnr

942 5060 1058 5111 rationem
1065 5059 1254 5123 medoeatqnc
1265 5055 1507 5123 trgerciracnndiam,
1517 5059 1631 5119 tanquam
1642 5051 1710 5107 ata·

941 5148 998 5198 bum
1009 5148 1155 5211 tymnnomt
