4134 6134
726 409 730 413 ·
793 377 1015 440 nivislorlas.
1663 390 1721 451 105

106 519 249 602 πρακτικὸν
266 516 326 588 ἡέν
350 521 408 581 ταῖς
432 511 569 593 πράξεσιν.
583 513 641 582 Τῆς
661 509 765 587 ἀγνοίας
786 509 838 588 ἄρα
859 508 886 568 έν
963 509 1140 582 ΙλίλίλίλίΙΙΙ.
1157 511 1229 570 eod.
1245 513 1335 572 Mare
1359 515 1414 574 13:
1431 522 1579 597 Διαιρεῖται
1598 522 1614 590 η
1630 519 1722 590 στιίσις

109 609 155 684 μέν
165 611 220 667 tart
234 603 294 684 περί
305 603 336 661 τὸ
347 600 516 681 θεωρητικόν,
530 599 558 658 έν
572 599 600 657 δέ
616 597 677 678 περί
691 596 723 656 τδ
738 598 887 676 ποιητικὸν,
941 601 978 666 είς
992 599 1067 678 τρία·
1081 600 1137 658 ἔστι
1151 600 1202 681 γὰρ
1218 605 1296 674 αὐτῆς
1311 601 1338 661 ἓν
1353 603 1401 680 μὲν
1416 605 1494 678 μονή,
1509 605 1537 664 έν
1554 605 1582 665 ii
1596 607 1723 690 διχόνοια,

107 698 134 755 έν
149 696 176 755 δέ
189 692 250 773 περί
263 692 293 752 τὸ
301 689 457 770 πρακτικόν.
478 688 535 767 (cl.
553 685 598 768 V.)
941 687 970 746 έν
993 685 1021 747 δέ
1045 689 1147 769 βαρέων
1168 690 1213 749 καὶ
1236 691 1339 772 κούφων
1354 693 1459 772 θεωρία.
1477 692 1557 756 Ἐστι
1580 695 1608 754 δὲ
1629 700 1646 768 ἡ
1675 698 1723 777 μὲν

146 779 453 842 ΧΧΧθ1.(Σοθ.Μαι·α.
466 772 885 854 ειιΔιαιρεῖταιὴδυσγένειαείς
942 777 1010 854 μονὴ
1029 780 1097 850 αὐτὴ
1110 781 1137 837 ἐν
1152 782 1233 859 ἑαυτῇ
1249 781 1357 857 στάσις,
1383 773 1472 842 elevat
1485 782 1572 864 νικρολ
1586 784 1666 846 καλοί
1679 788 1723 847 λί-

107 876 184 954 τρία·
195 872 250 930 ἔστι
266 867 318 949 γδρ
334 870 416 940 αὐτῆς
425 867 452 926 ἓν
469 867 517 944 μίν
537 866 590 926 διεδ
604 863 703 933 ἀδόξων
717 864 764 922 καλ
780 866 888 943 φαύλων
942 872 981 925 θοι
1004 866 1150 926 πεπόνθασι
1168 867 1212 925 καὶ
1233 868 1301 926 ἄλλα
1319 875 1444 928 τοιαῦτα·
1459 876 1476 942 ἡ
1493 871 1520 928 δέ
1541 872 1657 951 διχόνοια
1671 880 1722 934 τῶν

106 961 240 1043 γεγονέναι
253 958 359 1037 γονέων,
375 956 403 1016 έν
424 957 451 1014 ti
467 956 521 1015 ἀπὸ
540 954 636 1014 ιἰδίκων
651 953 697 1012 καί
711 957 845 1033 πονηρῶν,
859 952 888 1010 έν
943 957 1058 1014 πολιτῶν
1083 953 1100 1026 ἢ
1118 959 1217 1036 ἐχθρῶν
1232 956 1249 1028 ἢ
1266 957 1353 1016 ἄλλοιν
1366 963 1444 1018 τινῶν
1458 959 1531 1039 ζῴων
1547 961 1607 1020 κατ’
1626 963 1723 1044 ἔχθραν

106 1051 132 1111 δὲ
148 1051 196 1108 ἀπ’
208 1051 290 1120 αὐτῆς
307 1050 355 1119 τῆς
368 1051 414 1105 τοῦ
428 1045 532 1125 ἔχοντος
543 1043 648 1111 κακίας.
660 1039 739 1101 Ἐστι
752 1042 781 1101 δὲ
794 1041 824 1100 τό
839 1040 888 1116 μέν
942 1041 1073 1123 ἣμιίχην·
1085 1047 1102 1116 ἡ
1114 1047 1141 1103 δὲ
1148 1045 1250 1127 βαρέων
1258 1045 1302 1105 καλ
1311 1047 1414 1128 κούρων
1429 1048 1537 1128 θεωρία,
1549 1041 1670 1134 οἶον[ἡθ]
1682 1054 1723 1112 διδ

106 1140 157 1198 ἀπὸ
169 1136 268 1204 ἀδόξων
281 1134 327 1193 καί
339 1135 446 1216 ραύλων
464 1132 599 1212 γεγονέναι
609 1131 757 1212 προγόνων,
771 1121 825 1190 οἷον
842 1127 888 1188 iio
943 1138 1062 1207 σταθμοῦ
1076 1141 1122 1193 τοῦ
1136 1135 1229 1214 βαρέος
1239 1135 1284 1194 καὶ
1295 1141 1342 1195 τοῦ
1356 1135 1452 1219 κούφου
1464 1139 1615 1214 δοκιμασία.

106 1219 175 1296 ῶτιν,
186 1229 211 1284 ot
223 1224 349 1305 πρόγονοι
364 1225 480 1301 ἀγεννεῖς
492 1221 562 1280 κατδ
576 1219 652 1303 φύσιν
664 1218 711 1278 καί
722 1220 810 1285 ἄλλως
819 1217 888 1278 ιἰνιίι·
983 1221 1112 1284 xxxix.
1131 1222 1202 1282 cod.
1217 1223 1307 1285 Mare.
1329 1247 1364 1303 19
1378 1249 1384 1284 :
1400 1228 1571 1306 Διαιρεῖταιδ
1584 1229 1676 1310 χρόνος
1689 1233 1725 1300 εἰς

103 1337 188 1392 νυμοι·
207 1313 238 1372 τδ
253 1311 283 1371 δέ
298 1310 352 1370 inl
366 1312 462 1370 ἀδίκων
473 1311 519 1370 καὶ
536 1312 687 1390 μοχθηρῶν,
704 1299 757 1368 οἷον
772 1307 818 1366 έδν
838 1296 890 1366 ῶσι
943 1308 1018 1390 τρία·
1035 1310 1092 1370 ἔστι
1105 1310 1156 1392 γδιρ
1178 1311 1195 1382 ἢ
1218 1313 1406 1392 παρεληλυθὼς
1421 1317 1438 1386 ἢ
1453 1315 1546 1394 παρὼν
1561 1315 1579 1387 ἢ
1601 1317 1722 1394 μέλλων,

103 1402 230 1482 προδόται
251 1400 269 1472 ἢ
285 1399 369 1472 ἄλλην
380 1399 439 1458 τινδι
455 1399 560 1460 ἀδικίαν
570 1399 617 1457 καλ
632 1396 781 1478 μοχθηρίαν
793 1395 888 1475 ἔχωσι·
943 1397 973 1458 δν
984 1399 1031 1459 καλ
1045 1399 1224 1480 παρεσόμενον
1244 1403 1380 1462 καλοῦσιν.
1398 1403 1458 1462 Elei
1470 1404 1498 1462 δέ
1511 1407 1536 1462 ἐν
1553 1409 1601 1483 μέν
1616 1410 1655 1488 τῷ
1667 1432 1725 1466 πα-

101 1490 131 1550 τδ
150 1489 179 1549 li
202 1491 249 1548 ἀπ’
272 1492 355 1561 αὐτῆς
368 1491 415 1559 τῆς
426 1492 473 1546 τοῦ
493 1487 598 1567 ἔχοντος
615 1485 727 1557 κακίας,
746 1474 801 1544 οἷον
814 1475 889 1564 έδνῇ
945 1488 1098 1566 ρεληλυθότι
1111 1493 1215 1568 μνῆμαι
1231 1489 1276 1548 καλ
1290 1489 1321 1548 τδ
1337 1492 1524 1569 μνημονεύειν·
1536 1495 1651 1564 ἅπαντες
1671 1497 1723 1576 γδρ

102 1578 179 1645 αὐτὸς
193 1577 284 1644 ἄδικος
298 1574 316 1647 ἢ
328 1575 556 1655 κακοπράγμωνῆ
577 1575 661 1645 ἄλλην
675 1571 735 1632 τινὰ
746 1569 831 1642 κακὴν
841 1569 889 1629 δό-
943 1574 977 1634 τδ
991 1575 1175 1658 παρῳχημένα
1191 1578 1411 1656 μνημονεύουσιν·
1428 1585 1454 1640 ἐν
1472 1581 1499 1640 δὲ
1518 1585 1556 1663 τῷ
1571 1585 1682 1663 παρόντε
1697 1586 1725 1642 αἱ

102 1668 147 1737 ξαν
168 1668 231 1726 κατ’
251 1667 333 1725 αὐτοῦ
348 1664 438 1744 ἔχωσι.
456 1667 514 1735 Τῆς
530 1663 680 1741 δυσγενείας
701 1661 753 1742 ἄρα
769 1658 840 1722 ἐστίν
861 1658 888 1718 έν
944 1667 1089 1743 ἐπιστῆμαι
1104 1667 1149 1726 καί
1161 1669 1188 1724 αἱ
1199 1665 1308 1746 γνώσεις
1322 1668 1367 1727 καί
1379 1671 1403 1728 aI
1419 1669 1540 1750 λογισμοὶ
1555 1669 1601 1730 καλ
1615 1676 1643 1731 nl
1654 1671 1724 1752 προί-

102 1757 148 1833 μὲν
163 1757 196 1815 τὸ
203 1755 259 1814 ἀπὸ
274 1754 372 1823 ἀδόξων
384 1754 430 1813 καὶ
442 1754 549 1835 φαύλων
563 1753 698 1832 προγόνων
707 1751 850 1831 γεγονέναι,
860 1748 888 1809 έν
946 1751 996 1822 ξεις
1008 1757 1037 1812 αἱ
1051 1755 1251 1834 πρασσόμεναι·
1264 1759 1290 1815 ἐν
1303 1755 1331 1816 δὲ
1343 1761 1382 1839 τῷ
1395 1759 1516 1836 μέλλοντι
1531 1762 1558 1817 σί
1570 1760 1726 1842 προσδοκίαι

528 1841 556 1900 έν
565 1839 592 1899 δὲ
602 1838 687 1900 τδάπ’
694 1841 776 1912 αὐτῆς
787 1843 834 1911 τῆς
842 1845 889 1899 τοῦ
942 1843 988 1902 καλ
1008 1845 1111 1912 ἐλπίδες
1125 1843 1170 1903 καί
1182 1853 1234 1904 πᾶν
1247 1847 1278 1905 τὸ
1292 1853 1417 1912 τοιοῦτον.

100 1935 208 2014 ἔχοντος
228 1931 327 1998 κακίας
342 1929 387 1990 καλ
403 1931 560 2011 μοχθηρίας.
983 1931 1041 1990 lli„
1055 1933 1125 1992 cod.
1138 1934 1227 1995 llere.
1240 1955 1273 1992 ar
1292 1955 1299 1996 :
1311 1940 1457 2016 Διαιρεῖται
1467 1941 1484 2009 ἡ
1496 1937 1577 2017 ὄρεξις
1585 1943 1630 1998 τοῦ
1642 1939 1726 2018 πρότ-

139 2020 292 2080 lllllll'll.
307 2018 379 2080 Cod.
399 2019 492 2077 liare.
518 2039 553 2077 aa
571 2039 579 2076 τ
595 2020 743 2097 Διαιρεῖται
756 2020 774 2088 ἡ
789 2014 891 2088 κίνησις
943 2043 997 2080 τιιν
1013 2024 1048 2088 είς
1058 2020 1132 2100 τρία·
1151 2020 1206 2081 Ioni
1218 2023 1270 2103 γὰρ
1284 2027 1366 2096 αὐτῆς
1380 2023 1407 2084 ἓν
1424 2024 1472 2101 μέν
1488 2031 1534 2085 τοῦ
1551 2025 1642 2098 ἡδέος,
1656 2025 1683 2086 έν
1699 2026 1726 2086 δέ

101 2112 138 2176 είς
159 2109 245 2189 τρία·
262 2109 318 2168 ἔστι
343 2110 394 2187 γδρ
409 2109 490 2178 αὐτῆς
512 2105 539 2164 ἓν
556 2105 604 2184 μίν
618 2107 689 2164 κατὰ
703 2107 796 2180 τόπον,
818 2104 846 2164 ἓν
860 2105 888 2164 δέ
949 2115 995 2168 τοῦ
1011 2111 1104 2182 καλοῦ,
1115 2109 1141 2168 ἓν
1152 2109 1180 2168 al
1195 2117 1239 2170 τοῦ
1252 2113 1439 2192 συμφέροντος.
1455 2109 1536 2174 Ἔστι
1552 2115 1578 2174 δὲ
1591 2119 1608 2188 ἡ
1624 2115 1671 2192 μὲν
1680 2122 1728 2176 τοῦ

98 2197 170 2256 κατὰ
198 2197 354 2270 ἀλλοίωσιν,
368 2194 396 2252 ἓν
424 2195 451 2253 δὲ
467 2193 534 2266 αθτὴ
549 2194 608 2254 καθ’
622 2191 751 2266 έαυτὴνὴ
774 2194 887 2268 κίνησις.
942 2199 1016 2272 ἡδέος
1025 2197 1109 2278 ὄρεξις
1132 2208 1190 2268 ταῖς
1203 2202 1354 2277 ἐπιθυμίαις
1367 2205 1517 2282 θπηρετεῑν,
1534 2208 1551 2275 ἡ
1570 2201 1597 2262 δί
1620 2211 1666 2263 τοῦ
1679 2227 1727 2262 κα·

98 2286 183 2347 Ἔστι
197 2286 226 2344 δέ
242 2290 260 2359 ἡ
276 2283 325 2362 μὲν
338 2281 408 2342 κατδ
425 2283 505 2342 τόπον
519 2281 550 2342 τδ
571 2281 742 2351 ίξαλλόσαειν
766 2282 845 2342 τόπον
858 2285 887 2342 έκ
942 2289 989 2348 λοῦ
1002 2291 1082 2365 τιμῆς
1092 2285 1178 2347 ἕνεκεν
1200 2289 1245 2347 καλ
1260 2289 1392 2366 εὐδοξίας,
1406 2294 1423 2361 ἡ
1438 2291 1466 2352 ii
1483 2296 1529 2350 τοῦ
1546 2291 1726 2372 συμφέροντος

99 2377 192 2446 τόπου,
218 2364 274 2433 οἷον
288 2375 312 2430 ai
332 2371 470 2452 τρέχοντες
485 2371 532 2431 καλ
552 2373 685 2443 πηδῶντες
698 2372 745 2430 καὶ
762 2371 885 2438 πλέοντες

99 2463 146 2522 καὶ
162 2465 192 2521 ei
207 2463 290 2522 ἄλλαι
314 2463 341 2520 αἱ
363 2466 484 2519 τοιαῦται
512 2459 637 2532 κινήσεις·
661 2459 722 2531 ἡδὲ
744 2458 815 2517 κατδ
835 2460 887 2516 έλ-

96 2552 220 2629 λοίωσιν,
236 2541 292 2610 οἷον
308 2548 480 2628 αὐξανόμενοι
496 2547 541 2607 καλ
554 2546 734 2629 γηροίσκοντες
755 2546 801 2605 καλ
824 2547 885 2628 pei-

96 2663 185 2707 νοντας
215 2637 264 2696 καί
289 2639 357 2697 ἄλλα
379 2642 505 2696 τοιαῦτα·
526 2635 588 2707 ἡδί
605 2637 672 2707 αιἰτὴ
694 2634 755 2694 καθ’
773 2638 887 2713 ἑαυτήν,

95 2730 121 2786 al
142 2728 238 2808 τροχοί
262 2725 309 2786 καί
331 2730 355 2784 ol
371 2725 477 2802 έμόιαες
491 2723 588 2802 [corr.
604 2721 745 2802 βίμὸικες]
758 2722 804 2781 καλ
817 2726 831 2780 θ
845 2723 890 2781 xa·

95 2839 163 2894 σμος
177 2816 226 2875 καλ
238 2815 311 2875 ἄλλα
324 2819 447 2873 τοιαῦτα.
455 2815 515 2884 Τῆς
529 2812 654 2884 κινήσεως
663 2810 713 2890 ἄρα
727 2811 759 2871 τὸ
771 2811 821 2888 μέν
835 2813 890 2871 ἔστι

94 2907 168 2966 κατὰ
191 2905 296 2976 τόπον,
308 2902 340 2962 τδ
353 2902 381 2961 δέ
402 2901 463 2960 κατ’
485 2900 634 2974 ἀλλοίωσιν,
650 2899 681 2958 τὸ
696 2897 725 2958 δέ
739 2899 806 2972 αθτιλ
821 2896 889 2960 καθ’

95 2992 211 3065 έαύτήν.

93 3199 117 3247 in
131 3195 266 3260 laaieuda3
280 3207 335 3259 qum
346 3193 376 3243 ad
395 3192 480 3257 egendi
491 3191 516 3241 in
533 3190 666 3241 ιαιίοιιίθαε
682 3192 728 3240 eat.
741 3188 886 3254 ignorantiae

94 3286 170 3348 igilur
182 3296 244 3348 pars
259 3285 371 3333 versatur
390 3280 482 3331 ursum
498 3277 709 3342 contemplativam
732 3277 885 3338 facultatem,

94 3384 152 3434 pers
168 3371 268 3419 ursum
281 3365 409 3429 eliciendi,
423 3379 480 3430 pars
491 3365 582 3415 arsum
598 3364 691 3428 madi.

124 3461 243 3510 xxxvl.
268 3456 368 3508 Generis
383 3453 506 3504 humilitas
518 3455 542 3504 iu
556 3455 604 3503 tria
620 3451 737 3502 dividItur
747 3471 754 3503 ι
765 3451 813 3502 alia
823 3450 889 3501 enim

94 3555 133 3600 est
157 3547 278 3599 abaourts
297 3548 322 3597 et
334 3544 425 3595 vilibus
446 3546 530 3593 nattam
553 3555 607 3593 esse
626 3541 778 3608 parentibus,
796 3541 842 3591 alia
857 3553 890 3591 en

93 3637 194 3699 injustia
210 3639 239 3686 et
251 3634 349 3699 pravis,
360 3633 406 3684 alia
420 3646 434 3681 a
447 3631 544 3696 propria
560 3631 724 3694 perveraItate.
739 3629 890 3680 obscuriset

94 3727 187 3776 vilibus
209 3723 355 3790 parasitibus
375 3723 424 3773 uati
445 3733 500 3771 asse
523 3720 645 3781 alienatur,
668 3732 772 3782 quorum
786 3717 890 3780 maiores

93 3815 218 3877 ignobiles
241 3820 328 3862 natura
346 3809 513 3860 stellionatus
530 3809 627 3857 namtas
644 3807 755 3869 luerunt;
775 3806 808 3856 alo
826 3806 887 3869 luia·

96 3901 185 3951 silaei
208 3899 309 3962 pvruvIs,
323 3911 398 3961 auum
424 3896 477 3945 aive
501 3893 635 3957 proditores
650 3891 747 3943 luerunt
769 3893 821 3942 aive
843 3893 889 3943 alia

93 3988 207 4051 quadarn
226 3984 344 4047 injustitia
360 3986 385 4034 et
399 3983 516 4047 pravitate
534 3981 651 4044 inquinati
668 3982 738 4042 anut;
757 3992 773 4029 a
791 3979 888 4044 propria

93 4080 182 4126 autem
205 4073 367 4136 perversitate
387 4068 630 4134 ignobilissimum
653 4067 706 4131 ipae
727 4065 831 4129 injustus
846 4068 888 4116 aut

90 4163 230 4215 meletiana
252 4161 311 4222 erit,
324 4162 367 4209 aut
381 4161 452 4209 altam
469 4158 557 4206 malam
568 4157 656 4206 lainam
668 4154 773 4206 lambit.
786 4153 888 4208 Generis

90 4253 171 4316 igitur
190 4247 320 4298 humilitas
342 4246 390 4295 alta
407 4248 445 4295 eat
464 4244 574 4296 οθοοιιιίε
592 4246 617 4295 et
633 4244 720 4294 vilibus
736 4245 817 4293 ortum
835 4255 891 4292 esse

90 4340 263 4407 parentibus,
277 4337 324 4386 alia
338 4335 433 4397 injustis
445 4336 471 4385 et
487 4334 583 4398 pravla,
598 4333 644 4384 alia
656 4346 671 4383 a
684 4333 778 4397 propria
792 4333 889 4394 pervsr'-

92 4431 168 4480 allate
180 4428 209 4476 et
224 4424 353 4488 pravitate.

123 4513 257 4568 xxxvii.
271 4513 352 4562 motus
364 4513 415 4561 tres
429 4511 487 4560 aunt
498 4510 591 4573 speeies
602 4529 609 4560 ι
620 4510 667 4559 alia
676 4507 742 4559 enlm
756 4510 795 4558 eat
805 4521 890 4558 aeoan·

92 4607 156 4655 dum
170 4605 273 4662 laeum,
287 4599 334 4648 alta
349 4598 482 4649 seeundum
493 4597 672 4660 alterationem,
685 4596 731 4646 alia
744 4597 824 4646 maius
839 4595 890 4661 ipae

94 4706 139 4757 per
159 4687 337 4751 semetipsum.
356 4689 437 4738 Motus
451 4685 583 4736 sanandum
595 4686 676 4735 laeum
694 4685 732 4735 eat
743 4684 822 4734 Ιοσυιιι
836 4683 890 4734 loeo

94 4783 208 4842 mutare,
220 4779 251 4827 ut
261 4777 395 4838 eumentes,
404 4773 524 4837 salientes,
535 4772 707 4836 navigantoset
714 4771 788 4822 aeteri
799 4771 890 4822 slmiiea

95 4872 193 4919 motus.
220 4866 306 4916 Motus
328 4863 462 4914 εοουιιιλιιιιι
492 4860 656 4912 alterationem
679 4873 762 4911 eorum
786 4861 824 4911 eat
847 4859 889 4924 qui

95 4957 233 5021 augentur,
258 4954 401 5014 seueauant,
420 4951 564 5001 decressent
585 4951 611 4999 et
629 4949 678 4998 alta
696 4948 798 5011 hujusne
815 4947 890 4998 madi.

97 5047 169 5096 ltutu
184 5045 246 5108 ipae
265 5054 308 5105 per
325 5053 352 5092 aa
369 5041 497 5091 moveatur
514 5040 591 5096 rotae,
602 5037 730 5100 teriones,
748 5035 854 5087 mundus
867 5040 892 5087 et

97 5133 145 5183 alia
161 5131 245 5195 hujus
260 5128 362 5193 generis.
380 5130 461 5178 ilotus
477 5125 625 5191 igituruium
646 5127 684 5176 est
701 5125 833 5176 amundnra
853 5125 890 5175 lo·

98 5236 168 5284 eum,
176 5218 384 5271 aliusaeenudum
398 5217 570 5277 alterationem,
582 5215 644 5266 aliua
657 5229 699 5280 per
711 5217 787 5267 wast
797 5215 885 5279 ipsum.

942 2378 1049 2459 κέρδους
1059 2377 1107 2436 καὶ
1120 2377 1247 2460 ὠφελείας
1258 2378 1345 2439 ένειιεν
1355 2379 1483 2458 γενομένη
1502 2381 1601 2459 [γιν.ί].

982 2466 1061 2527 llll.
1079 2465 1153 2526 Coa.
1170 2467 1259 2526 litare.
1282 2489 1318 2525 aa
1338 2489 1346 2525 :
1361 2467 1493 2548 Διαίρεσις
1510 2473 1556 2539 τῆς
1579 2471 1630 2528 τῶν
1646 2468 1726 2529 όντων

944 2557 1086 2634 ὀνομασίας
1101 2558 1137 2624 είς
1150 2555 1227 2616 πέντε
1240 2557 1348 2634 γίνεται·
1364 2555 1421 2617 ἔστι
1436 2557 1487 2636 γδρ
1498 2558 1584 2615 αὐτῶν
1597 2559 1727 2636 λεγόμενα

945 2642 980 2703 τδι
994 2645 1042 2720 μέν
1059 2644 1151 2726 ὥσπερ
1165 2645 1192 2704 ἓν
1211 2647 1275 2725 πρὸς
1290 2645 1388 2724 πολλοί,
1403 2644 1437 2704 τδι
1457 2645 1484 2704 δὲ
1496 2649 1531 2712 ῶς
1555 2647 1641 2706 πολλλ
1663 2647 1727 2727 πρὸς

945 2731 1031 2792 πολλὰ
1047 2731 1092 2790 καί
1105 2731 1170 2806 πρδς
1184 2730 1223 2806 έν,
1248 2733 1281 2790 τδι
1297 2733 1323 2790 δὲ
1341 2735 1375 2799 ιίις
1387 2732 1499 2810 ἀνόμοια
1509 2738 1545 2800 ιἰις
1555 2734 1620 2813 πρὸς
1634 2731 1725 2809 ὅμοια,

945 2818 978 2878 τδι
993 2821 1019 2879 δὲ
1035 2824 1071 2887 ὡς
1087 2820 1166 2897 ὅμοια
1181 2819 1246 2900 πρὸς
1260 2819 1349 2892 ὅμοια,
1362 2821 1394 2878 τὰ
1415 2819 1442 2878 δὲ
1458 2823 1493 2886 ὡς
1509 2819 1534 2879 έν
1555 2821 1619 2901 πρὸς
1633 2822 1672 2884 έν.
1683 2824 1726 2882 Ti

946 2906 993 2983 μέν
1009 2899 1055 2966 α’ύν
1069 2910 1104 2974 ὡς
1114 2907 1140 2966 έν
1154 2906 1218 2988 πρὸς
1233 2907 1332 2984 πολλὰ,
1349 2901 1401 2966 οἷον
1413 2907 1536 2986 τέχιστσς
1550 2907 1596 2966 καὶ
1608 2908 1729 2987 μέγιστος

945 2997 991 3054 καὶ
1004 2995 1144 3063 κάλλιστος
1159 2998 1205 3054 καλ
1226 2995 1260 3056 τδι
1281 3001 1404 3056 τοιαῦτα·
1418 2995 1453 3054 τδι
1463 2994 1491 3055 δὲ
1511 2999 1547 3063 ὡς
1562 2997 1649 3055 πολλδ
1664 2998 1729 3078 πρὸς

975 3192 1109 3242 xxxviii.
1117 3191 1203 3246 Στάσις
1208 3190 1304 3254 (triplici
1316 3201 1388 3240 senaa
1399 3190 1535 3250 atellanis,
1542 3188 1667 3242 factionis
1674 3189 1725 3238 aive

942 3282 1113 3332 dissensionis
1127 3284 1153 3332 et
1165 3281 1318 3332 librationis
1332 3281 1385 3332 aiva
1405 3280 1617 3344 ponderationis,
1633 3279 1672 3330 cl.
1696 3281 1726 3328 ll.

941 3369 1174 3434 stephanosas.
1189 3384 1213 3433 p.
1227 3375 1281 3430 eol,
1294 3371 1324 3432 a>
1332 3369 1444 3419 sutuein
1455 3369 1501 3420 tria
1524 3367 1654 3419 dividitur:
1665 3367 1728 3418 illius

941 3459 1005 3510 enim
1013 3473 1088 3509 naum
1096 3463 1133 3510 eat
1141 3458 1242 3521 mansio,
1254 3459 1356 3509 alterum
1363 3458 1596 3518 διαπολεμοῦσιν
1605 3469 1665 3507 vero
1674 3469 1726 3520 gra·

944 3547 1056 3597 videnum
1064 3550 1137 3610 atque
1146 3547 1236 3598 levium
1248 3547 1318 3597 ratio.
1333 3547 1426 3597 Mansio
1435 3549 1472 3596 aet
1484 3544 1634 3596 stabililaain
1650 3547 1728 3595 mmet

942 3635 1003 3699 ipae,
1012 3647 1085 3698 quarn
1099 3635 1221 3698 patiuntur
1232 3636 1358 3695 sedavere,
1371 3633 1462 3698 lapidea
1472 3635 1496 3684 et
1508 3633 1553 3684 alia
1562 3631 1658 3683 similia.
1670 3632 1725 3681 liis·

942 3722 1025 3772 sensio
1038 3725 1076 3770 eat
1092 3721 1180 3771 nivium
1191 3721 1230 3771 vel
1243 3721 1348 3771 leontium
1365 3720 1402 3771 vel
1413 3721 1516 3770 aliorum
1529 3719 1687 3770 animantium
1696 3718 1727 3790 ati

944 3804 1094 3857 lnimioiiiam
1108 3808 1145 3857 vel
1164 3819 1275 3870 pugnarn.
1294 3809 1363 3857 ilatio
1378 3807 1532 3869 gravidarum
1550 3810 1623 3871 atque
1637 3806 1726 3857 levium

941 3895 1069 3945 mamutio
1081 3897 1119 3945 eat
1129 3894 1221 3959 gravidi
1231 3898 1257 3946 et
1272 3895 1332 3946 levia
1343 3908 1386 3959 per
1400 3895 1505 3958 pandus.

973 3985 1081 4033 mill.
1101 3982 1222 4033 Dividitur
1238 3985 1333 4047 tempus
1350 3984 1373 4033 ln
1390 3985 1435 4034 iria
1451 4003 1457 4033 ι
1473 3985 1510 4033 ast
1522 3983 1586 4033 enlm
1597 3982 1648 4032 aive
1661 3994 1727 4046 prse-

942 4070 1054 4132 teriium,
1066 4069 1118 4121 aive
1133 4083 1255 4135 praesens,
1269 4071 1321 4122 aive
1338 4071 1445 4131 instans,
1463 4069 1527 4134 quud
1544 4071 1570 4120 et
1586 4068 1727 4120 adiuturum

943 4160 1038 4209 vacant.
1052 4157 1088 4209 aa
1103 4158 1250 4223 praeteritum
1261 4159 1358 4222 tempus
1374 4159 1494 4222 pertinent
1506 4155 1629 4208 memoria
1641 4159 1667 4209 et
1677 4171 1726 4208 rue·

942 4246 1055 4310 miniaae;
1075 4261 1160 4298 omnes
1175 4249 1239 4298 onim
1250 4261 1334 4298 aarum
1355 4248 1516 4298 meminerunt
1533 4259 1588 4311 qua
1604 4247 1727 4312 praetenta

942 4337 1019 4386 aunt:
1039 4335 1069 4385 ad
1086 4349 1193 4400 praseae
1204 4349 1263 4386 raro
1278 4335 1409 4399 discipline
1426 4337 1451 4386 et
1468 4335 1575 4386 aaieutiea
1587 4337 1612 4386 et
1630 4334 1726 4387 rationi-

942 4411 1052 4475 nationes
1071 4427 1096 4474 et
1114 4424 1288 4488 actionesque
1301 4423 1374 4487 liunt;
1388 4423 1418 4472 ad
1438 4424 1545 4474 laturum
1562 4423 1724 4487 exspectatio,

944 4525 1001 4578 spes
1016 4515 1040 4562 et
1055 4525 1127 4563 omne
1138 4511 1201 4576 quad
1214 4512 1345 4564 simileeat.

973 4603 1023 4652 lli..
1045 4602 1134 4665 agendi
1154 4601 1266 4665 appetitio
1284 4601 1309 4651 in
1327 4601 1374 4651 trin
1394 4599 1510 4650 diuiditur
1525 4619 1532 4649 :
1548 4614 1596 4650 una
1612 4601 1675 4652 enim
1690 4603 1726 4651 eat
1754 4639 1757 4645 .

942 4704 999 4754 qun
1010 4694 1125 4756 appetens
1139 4693 1178 4740 eat
1187 4689 1300 4752 iuuandi,
1312 4690 1386 4740 altera
1404 4703 1459 4753 quae
1471 4689 1578 4753 pulchri,
1590 4689 1660 4740 tertia
1670 4703 1725 4753 qun

944 4779 1019 4829 astilia,
1039 4777 1142 4828 Juorrndi
1152 4777 1266 4841 appetitio
1273 4778 1312 4828 est
1328 4777 1419 4828 serviae
1428 4777 1615 4841 cupiditatibus,
1632 4777 1725 4842 pulchri

943 4862 1043 4927 planam
1050 4863 1232 4927 persequituret
1243 4863 1330 4914 bonam
1342 4863 1443 4925 lamam,
1456 4864 1520 4913 utilia
1530 4876 1585 4926 ηοω
1593 4861 1619 4912 lit
1627 4866 1725 4928 propter

944 4954 1037 5003 luorum
1049 4953 1074 5002 et
1085 4951 1220 5002 utililatam.

973 5039 1037 5089 xii.
1056 5037 1189 5103 AppellatIa
1207 5051 1290 5088 eorum
1311 5051 1366 5101 quaa
1384 5039 1441 5088 aunt
1462 5038 1568 5102 quinque
1588 5037 1615 5089 iat
1634 5038 1723 5089 modis.

943 5130 1033 5177 Earum
1047 5127 1111 5177 euim
1121 5127 1167 5176 alie
1184 5127 1295 5177 dieantur
1307 5127 1373 5178 velut
1386 5141 1461 5177 unum
1474 5128 1575 5178 relatum
1587 5126 1618 5177 ad
1634 5127 1723 5190 mulia,

943 5213 989 5264 alia
1003 5214 1070 5264 velut
1087 5215 1163 5264 multa
1183 5213 1212 5264 ad
1226 5215 1315 5282 muita,
1327 5213 1375 5264 alia
1391 5215 1457 5266 velut
1470 5213 1595 5265 dIsaimilia
1611 5211 1641 5264 ad
1655 5211 1724 5266 sirni-
