4134 6134
856 360 976 422 turca.

165 490 226 546 Non
242 487 277 546 ad
288 489 422 565 quintum
435 489 470 548 ll.
485 490 539 547 An.
549 489 628 548 hunc
638 490 735 550 locum
750 509 896 569 pertinere

128 577 279 634 arbitratus
289 589 332 633 est
345 575 461 644 Rosius,
476 577 527 634 sed
542 578 577 634 ad
593 575 702 635 librum
710 576 770 658 περὶ
781 581 900 653 Ζωικιῖιν,

129 685 212 743 aluum
221 665 240 723 l.
251 665 272 724 l.
281 664 316 736 V,
330 685 376 735 ιο,
389 664 504 723 διεκίνει
516 653 824 745 καλιίναικαρχαράδουν
840 688 899 726 non

127 759 265 829 legantur.
278 752 443 812 Notandum
461 765 504 812 est
520 767 671 832 praeterea,
688 754 771 813 codd.
789 757 900 833 aliquot

132 856 156 898 ει
170 842 214 901 ed.
232 840 331 900 Venet.
349 841 481 903 Athenaei
493 855 522 900 et
535 841 584 902 hic
597 855 760 920 etsuprap.
778 845 847 916 soa,
863 843 897 916 (ἶ,

131 929 179 987 nbi
190 929 265 988 idem
277 931 363 1010 plane
376 930 543 990 Aristotelis
558 932 639 989 locus
647 932 757 1008 respici
768 932 897 1002 videtur,

128 1037 181 1074 non
203 1019 229 1076 έν
244 1017 359 1098 πέμπτῳ
380 1019 430 1076 sed
445 1019 472 1075 ἐν
484 1017 597 1099 δευτέρῳ
624 1020 657 1078 Ζ.
677 1018 848 1080 titubare.

437 1151 475 1226 39
497 1147 586 1226 (²75)-

165 1290 270 1350 Athen.
287 1290 348 1364 Vll,
368 1293 436 1369 314,
452 1293 474 1350 C
490 1311 497 1350 :
516 1289 595 1352 Ἔστι
616 1292 644 1351 δέ
659 1299 677 1366 ἡ
690 1293 785 1372 νάρκη,
799 1293 834 1361 ὥς
846 1317 897 1374 ρη-

127 1401 165 1434 οιν
191 1376 441 1457 Ἀριστοτέλης,
460 1381 511 1438 τῶν
530 1382 689 1459 σελαχωδῶν
708 1379 754 1438 καί
774 1384 825 1438 τῶν
839 1404 899 1439 σκυ·

125 1464 329 1540 μνοτοκούντων.
346 1467 462 1548 Θηρεύει
472 1468 494 1525 δ’
510 1471 546 1534 εἰς
558 1471 656 1548 τροφὴν
671 1472 765 1538 ἑαυτῆς
779 1469 811 1528 τά
824 1468 901 1548 ἰχθύ-

125 1555 166 1609 δια
177 1555 381 1632 προσαπτομένη
391 1555 435 1612 καί
446 1565 544 1636 ναρκᾶν
557 1555 602 1614 καί
610 1557 766 1629 ἀκινητίζειν
777 1565 897 1618 ποιοῦσα.

125 1643 168 1702 tlt.
187 1643 224 1702 ll.
242 1647 275 1736 A.
295 1642 333 1716 ll,
354 1647 399 1715 13,
416 1664 444 1724 p.
462 1646 511 1721 αθ,
530 1655 578 1713 aa.

436 1789 472 1848 40
501 1780 591 1857 (276).

164 1921 271 1982 Athen.
287 1921 351 1992 Vll,
368 1923 436 1990 tra,
452 1921 473 1979 Ε
489 1942 495 1980 :
513 1922 620 2002 Ξιρίας.
633 1928 733 1983 Τοῦτον
750 1923 899 2004 Ἀριστο-

122 2007 225 2078 τέλης
240 2010 316 2089 φησίν
331 2006 401 2088 ἔχειν
417 2014 462 2067 τοῦ
479 2009 589 2090 ῥύγχους
603 2011 632 2068 τὸ
643 2011 691 2088 μέν
709 2013 832 2072 ὑποκάτω
848 2035 898 2088 μι-

122 2097 197 2174 κρόν,
221 2096 250 2155 τὸ
266 2095 292 2156 δέ
308 2095 467 2178 καθύπερθεν
483 2099 594 2165 ὀστῶδες
612 2099 691 2176 μέγα,
714 2099 769 2157 ἴσον
789 2103 826 2180 τῷ
846 2098 900 2176 ὅλῳ

122 2185 204 2244 αὐτοῦ
219 2185 337 2262 μεγέθει·
357 2190 434 2244 τοῦτο
448 2183 476 2248 δέ
489 2188 625 2246 καλεῖσθαι
642 2186 722 2266 ξίφος.
738 2185 862 2254 Ὀδόντας
877 2187 898 2244 δ’

121 2275 169 2331 οὐκ
187 2275 257 2350 ἔχειν
273 2273 315 2332 τὸν
337 2272 421 2353 ἰχθύν.
442 2275 548 2334 Βαλίε
572 2276 646 2334 nihil
662 2276 739 2354 apud
759 2275 900 2334 Aristote-

123 2364 191 2420 lem.
208 2363 248 2420 lle
261 2361 396 2420 dentibus
407 2364 444 2422 cl.
458 2363 603 2423 tatiana,
617 2365 672 2424 An.
690 2361 765 2435 xlv,
782 2365 831 2422 23.

442 2512 475 2572 ιι
501 2505 613 2584 luris

162 2642 273 2700 Athen.
288 2640 353 2714 Vll,
374 2643 443 2714 315,
460 2641 499 2700 h:
520 2637 634 2718 ιὈνος,
651 2643 730 2722 φησὶν
744 2643 902 2718 Ἀριστο-

122 2730 232 2800 τέλης
255 2731 281 2786 έν
298 2731 336 2808 τῷ
360 2727 420 2806 περί
436 2732 555 2806 Ζωικῶν,
577 2729 632 2808 ἔχει
653 2732 740 2808 στόμα
761 2731 905 2810 ἀνερρωγὸς

118 2818 223 2894 ὁμοίοις
239 2825 291 2881 τοῖς
307 2819 421 2892 γαλεοῖς·
433 2817 478 2876 καί
493 2819 522 2874 οὐ
538 2817 769 2895 συναγελαστικός.
788 2817 842 2878 Καί
856 2817 905 2894 μό·

118 2927 163 2972 νος
179 2895 255 2971 οὗτος
269 2901 364 2982 ἰχθύων
380 2903 426 2976 τὴν
444 2903 555 2983 καρδίαν
572 2907 598 2962 έν
614 2910 645 2984 τῇ
664 2906 751 2987 κοιλίῳ
766 2905 833 2984 ἔχει,
858 2904 905 2964 καί

118 2996 147 3050 ἐν
165 2997 207 3071 τῷ
221 2991 359 3071 ἐγκεφάλῳ
381 2993 466 3058 λίθους
480 2996 602 3074 ἐμφερεῖς
618 2995 722 3067 μύλαις.
736 2995 859 3055 Φοιλεύει
876 3018 905 3052 τε

117 3080 203 3154 μόνος
232 3081 259 3137 ἐν
282 3091 338 3145 ταῖς
354 3081 404 3138 ὑπὸ
426 3081 493 3140 κύνα
512 3083 683 3161 θερμοτάταις
706 3081 829 3162 ἡμέραις,
852 3086 904 3142 τῶν

118 3171 218 3227 ἄλλων
242 3177 308 3234 ταῖς
322 3171 541 3248 χειμεριωτάταις
567 3169 772 3250 φωλευόντων.»
801 3173 843 3230 De
858 3172 904 3230 his

119 3259 235 3316 ultima
250 3271 359 3315 tanturn
376 3259 463 3318 ruodo
480 3273 620 3318 rnernorat
635 3261 808 3320 Aristoteles
828 3261 903 3318 litat.

116 3355 177 3404 An.
190 3345 273 3418 Vlll,
285 3347 331 3416 15,
343 3356 370 3414 t.
380 3347 485 3406 Eodem
501 3349 580 3406 sorite
588 3369 646 3426 quo
660 3349 823 3420 Athenaeus,
836 3367 905 3406 usus

114 3449 162 3494 est
174 3435 311 3494 AElianus
325 3437 440 3500 deNat.
455 3440 510 3497 An.
523 3437 572 3508 vl,
585 3440 632 3509 30,
648 3439 699 3514 qui
714 3451 741 3495 et
756 3438 813 3498 alia
827 3457 905 3515 quae·

115 3525 188 3581 dam
204 3537 346 3601 praeterea
360 3525 473 3584 addidit
486 3545 493 3583 z
504 3524 536 3584 '0
552 3523 624 3604 ἰχθύς
635 3529 649 3583 ὁ
661 3525 718 3591 όνος
732 3526 766 3583 aa
780 3524 904 3602 μὲνᾶλλα

115 3613 169 3670 ὅσα
187 3610 262 3678 ε’ντὸς
279 3611 473 3692 προσπέφυκεν,
491 3614 520 3671 ού
544 3616 614 3672 πάνυ
628 3637 653 3671 ’τι
667 3617 718 3671 τῶν
733 3612 828 3691 ἑτέρων
844 3615 903 3671 διε-

116 3704 215 3758 στῶτα
229 3698 363 3772 κέκτηται,
386 3700 543 3781 μονότροπος
557 3702 585 3758 δέ
607 3706 662 3761 ἐστι
684 3701 729 3760 καί
752 3701 798 3760 σθν
819 3703 906 3766 σίλλοις

115 3865 240 3916 dentibus
253 3867 367 3929 serratis,
380 3881 511 3932 paremque
519 3867 607 3931 quotis
626 3869 681 3919 anni
693 3871 800 3932 tempore
817 3869 909 3918 minuta

115 3968 178 4010 ora.

500 4056 539 4104 Q

152 4145 205 4193 Est
230 4145 311 4195 autam
332 4145 442 4211 torpedo,
461 4150 488 4198 ot
501 4147 559 4199 dicit
577 4148 727 4212 Aristoteles,
742 4163 756 4200 e
769 4163 857 4214 genere
872 4151 907 4216 pi·

114 4235 207 4283 scium
216 4234 430 4298 cartilagineorum,
446 4249 577 4301 eorumque
589 4238 630 4300 qui
644 4237 715 4289 vivos
728 4239 822 4303 pariunt
840 4243 908 4292 catu·

114 4323 168 4370 los.
192 4321 302 4371 venatur
314 4325 394 4373 autem
407 4324 452 4374 sibi
471 4338 514 4388 pro
529 4325 616 4388 pabulo
628 4326 764 4390 pisciculos,
774 4341 835 4392 quos
851 4328 908 4378 dum

112 4408 232 4472 attingit,
244 4407 277 4459 ita
288 4413 450 4474 torpereiacii
463 4416 490 4464 ut
499 4414 634 4465 immobiles
649 4418 769 4465 maneant.

501 4523 541 4570 w

152 4611 264 4673 Xiphias
279 4612 349 4674 (siaa
364 4613 480 4678 gladius).
495 4618 565 4667 llunc
574 4617 713 4669 Aristoteles
723 4619 909 4670 scdbitinleu'o·

112 4717 175 4754 rem
216 4703 287 4752 rostri
311 4707 404 4768 partem
425 4706 515 4758 habere
534 4707 647 4772 brevem;
669 4710 816 4774 superiorem
842 4724 909 4773 uero,

111 4803 227 4844 osseam
241 4791 344 4856 longam,
353 4794 397 4844 toti
404 4795 499 4859 corpori
513 4797 660 4861 longitudine
670 4811 751 4862 parem
766 4798 843 4849 :hauc
853 4811 910 4850 raro

111 4883 224 4944 partem
246 4879 351 4942 paulum
368 4883 473 4934 vocaris
494 4883 605 4938 donabus
633 4893 713 4936 autern
739 4899 822 4938 carere
846 4887 910 4938 hunc

110 4969 231 5034 piscem.

498 5076 541 5124 tt.

150 5169 264 5236 Asinus,
276 5172 311 5224 alt
323 5173 466 5228 Adstoteles
477 5175 502 5228 in
516 5176 578 5229 libro
594 5177 625 5230 de
637 5179 722 5243 zoicis,
734 5177 805 5230 habet
817 5192 845 5230 os
864 5177 911 5230 late

1672 375 1726 435 ist

958 497 1031 570 βιοῦν
1043 495 1091 552 οὐκ
1105 494 1239 574 ἀνέχεται.
1255 494 1334 572 Ἐχει
1347 494 1374 553 δέ
1386 496 1438 574 άρα
1455 497 1552 574 ἰχθύων
1568 497 1645 577 μόνος
1658 492 1729 569 abac<

956 584 982 640 ἐν
997 585 1030 661 τῇ
1047 581 1140 661 γαστρί
1153 581 1201 652 τὴν
1215 583 1336 660 καρδίαν,
1348 584 1393 642 καί
1405 586 1432 642 ἰν
1444 589 1482 665 τῷ
1495 586 1630 667 ἐγκεφάλῳ
1644 588 1730 659 λίθους

956 668 1032 748 οἵπερ
1047 660 1091 729 adu
1106 671 1205 729 ἐοίκασι
1220 670 1314 747 μύλαις
1334 671 1364 730 τὸ
1382 677 1486 751 σχῆμα.
1504 674 1608 754 Σειρίου
1625 674 1652 735 δέ
1673 681 1732 737 tm-

956 761 1019 838 τολῇ
1033 757 1145 838 φωλεύει
1158 758 1246 836 μόνος,
1262 763 1313 818 τῶν
1326 759 1413 819 ἄλλων
1431 763 1456 820 έν
1469 772 1526 829 ταῖς
1545 753 1732 841 κρυμωδεστά-

955 869 1012 913 ταις
1027 848 1161 926 (ἡμέραις)
1177 847 1302 927 φωλεύειν
1318 849 1481 926 εἰθισμένων.
1499 851 1544 911 Cf.
1561 853 1602 910 ib.
1619 853 1654 925 V,
1671 875 1729 914 τοι

956 933 1035 1001 Ὀνος
1060 937 1224 1001 ὁθαλάττιος
1239 939 1266 995 ἓν
1284 941 1318 1017 τῇ
1334 939 1429 1015 γαστρί
1449 937 1495 1008 τὴν
1512 941 1620 1018 καρδίαν
1637 941 1730 1022 ἔλαχεν

956 1021 1039 1102 ἔχειν,
1055 1027 1090 1091 ὡς
1107 1027 1130 1082 ol
1145 1026 1222 1083 δεινοί
1235 1025 1269 1083 τὰ
1286 1032 1395 1084 τοιαῦτα
1412 1029 1582 1106 ὁμολογοῦσιν
1598 1035 1663 1106 ἡμῖν
1686 1033 1731 1090 καί

956 1111 1131 1174 διδάσκουσιν.

997 1200 1131 1260 Clemens
1153 1202 1310 1263 Alexandr.
1328 1203 1443 1281 Paedag.
1468 1209 1509 1276 ll,
1534 1209 1626 1279 1,18,
1647 1230 1676 1287 p.
1694 1210 1730 1266 65

957 1290 1096 1366 Sylbut·g.
1112 1291 1184 1350 :Tho
1195 1295 1254 1348 νοῦν
1270 1291 1444 1370 έγκατορύξας
1456 1298 1489 1370 τῇ
1503 1295 1645 1376 κοιλίᾳ,τῷ
1664 1295 1734 1374 ἰχθύι

957 1383 994 1459 τῷ
1016 1380 1171 1460 καλουμένῳ)
1188 1378 1239 1458 όνῳ
1256 1380 1290 1438 τδι
1312 1380 1427 1455 μάλιστα
1443 1381 1547 1454 ἐοικώς,
1562 1383 1590 1441 δν
1605 1384 1637 1456 δή
1653 1407 1732 1464 φησιν

957 1466 1194 1546 Ἀριστοτέλης
1210 1468 1286 1545 μόνον
1299 1474 1352 1527 τῶν
1371 1471 1458 1527 ἄλλοιν
1472 1470 1544 1550 ζῴων
1556 1475 1581 1529 ἐν
1596 1477 1629 1551 τῇ
1638 1473 1733 1550 γαστρί

957 1554 1004 1626 τὴν
1030 1555 1141 1634 καρδίαν
1157 1555 1236 1636 ἔχειν,
1251 1576 1316 1634 quae
1329 1576 1366 1614 ex
1380 1557 1481 1615 eodem
1497 1560 1576 1617 fonte
1594 1574 1732 1638 excerpta

957 1663 1019 1704 esse
1029 1666 1089 1723 quo
1098 1645 1254 1704 Athenaeus
1264 1665 1335 1704 usus
1344 1647 1392 1716 sit,
1399 1644 1580 1723 Epicharmi,
1591 1649 1642 1724 qui
1653 1649 1731 1706 bunc

958 1736 1069 1813 piscem
1084 1733 1342 1812 ἐκτραπελόγαστρον
1355 1732 1494 1811 appellat,
1514 1735 1578 1792 loco
1593 1735 1731 1793 demons-

958 1825 1041 1894 trari,
1057 1823 1193 1882 similiter
1206 1822 1282 1900 apud
1302 1836 1456 1900 utrumque
1467 1823 1651 1882 Aristoteleis
1666 1825 1737 1881 sub·

958 1913 1073 1990 juncto,
1089 1925 1155 1990 apte
1168 1911 1461 1971 observavitllosius.
1476 1912 1618 1988 Apuleius
1628 1912 1664 1970 de
1679 1911 1736 1967 itia-

958 2003 1005 2076 gia
1023 2022 1049 2060 c.
1060 2009 1098 2069 ao
1113 2022 1119 2057 ι
1138 2003 1221 2074 Quod
1233 2002 1428 2059 Anasaoraaas
1441 2007 1582 2071 eiecisset,
1596 2021 1736 2076 autequam

956 2089 1241 2163 profectoonrisisset,
1258 2096 1306 2164 qui
1319 2092 1401 2146 aselli
1409 2096 1496 2164 piscis
1512 2092 1599 2146 solius
1616 2097 1737 2146 omnium

959 2186 986 2234 in
1002 2181 1093 2234 medio
1105 2182 1167 2234 alvo
1179 2181 1318 2234 romulum
1333 2183 1416 2232 sitam
1431 2198 1485 2251 pro
1499 2184 1624 2234 maximo
1635 2197 1738 2232 menra-

958 2273 1044 2321 ravit.

1269 2412 1305 2470 Aa
1328 2404 1421 2481 (278).

1001 2553 1102 2612 Athen.
1116 2551 1181 2622 vlt,
1198 2552 1303 2623 315,A
1320 2573 1326 2607 :
1344 2550 1480 2632 Ὀρφώς...
1496 2551 1734 2630 Ἀριστοτέλης

959 2638 1029 2698 δὲέν
1047 2641 1162 2717 πέμπτῳ
1177 2637 1258 2717 Ζῳων
1276 2639 1382 2716 Μαρίων
1401 2647 1510 2718 ταχεῖαν
1527 2638 1610 2715 λέγων
1622 2639 1739 2717 γίνεσθαι

960 2725 1015 2791 τοῖς
1030 2721 1118 2804 ἰχθύσι
1127 2724 1174 2796 τὴν
1188 2724 1307 2796 αὔξησιν,
1321 2727 1367 2783 καὶ
1387 2728 1480 2805 ὀρφώς,
1493 2729 1583 2804 φησίν,
1598 2728 1628 2783 ἐκ
1642 2732 1737 2803 μικροῦ
1838 2770 1841 2775 -

960 2813 1059 2892 γίνεται
1074 2814 1157 2891 μέγας
1171 2815 1273 2891 ταχέως
1288 2815 1363 2890 (baec
1375 2815 1405 2870 in
1423 2813 1565 2884 tinnit,
1583 2834 1629 2880 10,
1649 2815 1666 2886 5
1691 2816 1734 2872 le·

961 2905 1091 2978 guntur).
1103 2899 1218 2962 Ἔστιδέ
1235 2903 1281 2960 καὶ
1292 2902 1456 2982 σαρκοφάγος
1472 2902 1522 2979 [H.
1538 2905 1594 2960 An.
1615 2901 1697 2974 Vlll,
1710 2923 1737 2973 a,

962 3013 991 3070 p.
1011 2994 1079 3062 148,
1095 2991 1146 3066 53)
1171 2990 1217 3048 καὶ
1241 2992 1432 3069 καρχαρόδους,
1454 2988 1494 3047 ἔτι
1510 2989 1537 3048 δέ
1552 2988 1598 3046 καὶ
1610 2988 1736 3072 μονήρης,

961 3079 1041 3142 Ἰδιον
1054 3080 1077 3138 δ’
1089 3081 1116 3137 ἐν
1130 3081 1202 3158 αὐτῷ
1214 3079 1269 3138 ἐστὶ
1277 3080 1307 3138 at
1315 3078 1373 3145 τοὺς
1383 3077 1498 3158 θορικοὺς
1510 3076 1604 3155 πόρους
1618 3075 1655 3152 μὴ
1670 3077 1740 3158 εὑρί-

961 3173 1067 3228 σκεσθαι
1075 3166 1374 3228 καὶτθδύνασθαιπολθν
1383 3167 1475 3246 χρόνον
1487 3170 1533 3238 ζῆν
1544 3164 1664 3238 μετθτὴν
1675 3169 1740 3223 άνα-

960 3258 1056 3335 τομήν.
1067 3257 1148 3331 Ἔστι
1156 3255 1184 3314 δέ
1192 3257 1237 3315 καί
1246 3259 1297 3314 τῶν
1309 3255 1477 3334 φωλευόντων
1485 3255 1570 3335 [Hist.
1583 3257 1641 3315 An.
1657 3253 1739 3327 Vlll,

965 3349 1011 3416 15,
1027 3348 1053 3424 1)
1065 3347 1156 3412 ε’νταῖς
1168 3346 1388 3426 χειμεριωτάταις
1397 3343 1517 3421 ἡμέραις·
1524 3342 1611 3421 χαίρει
1620 3362 1649 3400 τε
1659 3343 1742 3419 πρόσ-

961 3458 1028 3514 γειος
1045 3436 1099 3515 (tt.
1117 3439 1173 3495 An.
1187 3432 1268 3510 Vlll,
1286 3436 1333 3506 13,
1359 3434 1392 3510 ι)
1408 3435 1507 3509 μᾶλλον
1522 3430 1558 3489 ὢν
1573 3429 1590 3499 ἢ
1605 3429 1739 3506 πελάγιος.

964 3527 1004 3604 Ζῇ
1018 3523 1040 3582 δ’
1053 3524 1083 3580 ad
1095 3521 1177 3581 πλέον
1191 3521 1237 3580 δύο
1253 3523 1329 3580 ἐτῶν.

1004 3612 1076 3682 Quae
1090 3630 1150 3670 non
1164 3614 1194 3668 in
1209 3610 1282 3669 llist.
1299 3611 1355 3667 An.
1373 3611 1509 3686 leguntur
1523 3627 1560 3666 ert
1572 3608 1632 3666 alio
1653 3627 1741 3685 opere

966 3699 1122 3758 Zoicorum
1132 3700 1284 3776 desumpta
1292 3717 1366 3770 esse,
1375 3699 1482 3756 omissa
1490 3710 1585 3755 tamen
1594 3697 1742 3754 mentione

965 3870 1058 3930 patens,
1071 3866 1135 3916 sicut
1152 3865 1212 3928 galei
1224 3885 1231 3915 t
1243 3879 1290 3914 non
1303 3867 1341 3914 est
1353 3864 1470 3926 gregalia:
1483 3864 1508 3913 et
1524 3874 1587 3912 unus
1601 3860 1663 3910 hice
1673 3860 1741 3922 pisci·

908 4011 911 4018 ,
966 3955 1013 4004 bus
1032 3967 1076 4003 oor
1093 3954 1117 4002 in
1130 3956 1213 4002 ventre
1224 3952 1309 4009 babet3
1324 3952 1348 4000 in
1368 3951 1447 4012 capite
1465 3962 1521 3998 aero
1535 3945 1742 4010 lapidas,molari·

966 4041 1010 4091 bus
1027 4040 1125 4090 similes.
1143 4042 1234 4102 Estque
1244 4039 1316 4088 etiam
1330 4051 1394 4086 unus
1402 4037 1444 4098 qut
1457 4049 1483 4084 se
1501 4032 1633 4083 abscondat
1650 4031 1742 4081 calidis

964 4128 1032 4177 simis
1043 4126 1160 4176 caniorrlaa
1173 4124 1268 4185 diebus,
1285 4137 1360 4188 quum
1377 4123 1417 4182 alii
1432 4119 1619 4171 latitentdiebus
1635 4119 1742 4168 maxime

966 4216 1120 4267 hiemalibus.

1282 4325 1285 4332 ’
1332 4332 1371 4378 ta.

997 4460 1136 4510 Aristoteles
1148 4458 1301 4522 libroquiato
1315 4458 1347 4507 de
1355 4454 1501 4506 Animaliurn
1514 4454 1635 4516 Partibus,
1651 4453 1691 4503 ubi
1706 4453 1742 4502 di-

964 4551 996 4600 eit
1006 4549 1118 4600 celeriter
1131 4548 1304 4598 incrementum
1313 4557 1400 4610 capere
1408 4545 1495 4608 pisces,
1504 4542 1656 4606 ait,orpbum
1668 4543 1741 4592 etiam

964 4637 1074 4690 celeriter
1088 4650 1118 4687 ιι
1133 4648 1331 4699 parromaguurn
1346 4633 1406 4684 lieri.
1416 4634 1458 4682 liat
1472 4633 1553 4682 autem
1568 4630 1742 4682 etcarairorus

966 4730 989 4778 et
1003 4726 1103 4777 serratis
1114 4725 1228 4776 dentibus
1243 4723 1383 4773 instructus.
1396 4724 1471 4772 Porro
1487 4718 1547 4772 vivit
1556 4717 1684 4770 solitarius.
1696 4720 1743 4768 lla·

967 4817 1005 4866 bet
1016 4814 1150 4864 autemhoc
1159 4812 1291 4876 proprium,
1300 4810 1367 4873 quod
1376 4811 1442 4859 nulla
1452 4809 1477 4857 in
1486 4822 1515 4857 eo
1526 4807 1642 4870 geniturae
1655 4807 1693 4855 via
1705 4819 1742 4855 re·

967 4904 1079 4968 periatur,
1092 4905 1117 4953 et
1131 4902 1195 4965 quod
1206 4901 1249 4951 diu
1257 4900 1329 4951 eiiam
1348 4900 1413 4948 vivat
1427 4900 1555 4961 postquam
1566 4895 1684 4946 dissectus
1695 4896 1741 4943 est.

967 4993 1008 5042 Est
1019 5004 1077 5041 vero
1087 4990 1199 5041 etiamen
1216 4988 1306 5052 eisqui
1323 4988 1415 5037 latitant
1428 4985 1513 5036 diebus
1529 4984 1634 5034 maxime
1649 4982 1742 5032 hiems·
1760 5042 1764 5051 .

956 5073 1030 5130 'libus
1049 5101 1055 5130 t
1074 5083 1188 5143 amatque
1212 5079 1288 5142 magis
1306 5078 1360 5127 loca
1377 5074 1440 5125 litori
1462 5073 1554 5136 ricius,
1573 5085 1646 5136 quam
1665 5070 1741 5120 altum

968 5183 1043 5220 marc.
1059 5173 1110 5218 Non
1120 5169 1180 5218 viril
1190 5170 1272 5218 autem
1286 5166 1349 5216 ultra
1362 5163 1493 5214 biennium.
