4134 6134
745 369 1118 440 PHYSIOGNOMONICA.

109 507 178 556 tione
188 511 321 573 concepta
334 519 459 556 sermone
469 506 579 572 utimur,
591 515 620 557 ut
634 515 676 558 est
685 507 733 560 ille
742 525 832 562 sermo
843 511 872 562 in

108 592 237 644 Brreolicis
246 609 256 642 .·

168 719 250 772 itopse,
264 725 335 760 noves
349 715 424 762 incide
433 715 493 762 luces
503 731 508 760 :
520 717 562 762 tibi
570 717 663 764 ducitur
672 729 739 776 uxor,

167 781 257 832 sparge.
267 778 355 830 meritc,
368 787 439 824 nuces
449 793 455 822 :
466 779 508 825 uis
518 779 605 825 owni
614 781 730 836 numme
740 782 831 828 OEism.

505 843 578 899 (Vise.
588 844 636 888 Ect.
651 845 712 898 viii,
723 848 768 900 so.)

104 965 129 1005 et
148 961 232 1004 status
245 956 304 1005 aris
322 952 372 1006 vel
391 963 480 1006 motus
498 958 621 1026 corporis
632 972 693 1008 esse
705 955 805 1009 dicitur
821 954 874 1010 hoc

104 1041 178 1094 vultu
188 1081 194 1106 ,
218 1044 267 1112 qui
279 1035 445 1112 frequentes
466 1051 531 1094 sunt
543 1041 648 1114 absque
666 1043 871 1114 indignatione.

104 1131 191 1202 Igitur
216 1130 410 1184 Amsromss
434 1128 564 1202 prohibet
585 1133 743 1202 eondngae
762 1149 798 1185 ea
811 1131 873 1186 loca

100 1235 161 1288 quie
188 1232 244 1271 non
267 1227 385 1288 oportet.
406 1219 512 1272 IDEM
530 1219 619 1289 dicit,
648 1224 773 1292 quotiens
800 1233 873 1276 torus

99 1311 125 1357 in
144 1303 244 1375 fronte
273 1315 317 1360 est
338 1311 525 1378 superpositus
550 1309 711 1380 superciliis,
741 1313 874 1382 inquietos

98 1411 153 1446 csse
167 1412 203 1446 ac
217 1391 352 1467 furiosos,
379 1406 411 1447 ut
424 1397 483 1468 ipse
493 1399 623 1450 nominat
636 1392 726 1468 (deest
735 1405 737 1410 “
747 1393 872 1453 vocabu·

98 1480 153 1535 lum
170 1498 295 1554 graecum
306 1477 324 1558 ).
341 1483 446 1538 IDEM
458 1484 529 1538 dicit
548 1501 595 1538 eos
619 1488 667 1556 qui
685 1485 804 1539 colorem
817 1504 870 1540 va·

96 1575 163 1622 rium
177 1569 284 1625 liabent
302 1583 436 1647 tanquam
450 1572 525 1626 lente
538 1589 691 1644 aspersum,
707 1577 799 1628 uitam
816 1586 872 1628 tur-

91 1678 167 1732 pem,
178 1658 268 1730 facta
288 1669 382 1736 turpia
404 1679 546 1730 exercere,
567 1673 625 1716 tam
647 1663 774 1717 mulieres
787 1681 871 1736 quom

94 1765 194 1807 mares.
210 1751 317 1804 IDEM
329 1751 400 1804 dicit
420 1754 561 1823 imperitos
575 1767 611 1802 ac
628 1755 742 1805 rusticos
755 1767 814 1806 esse
823 1756 872 1824 qut

92 1855 176 1909 quum
201 1839 333 1893 incedunt
361 1838 479 1893 brachia
495 1837 621 1904 inferunt
642 1850 672 1892 et
691 1841 871 1896 immoderate

91 1939 263 1982 commovent
284 1938 312 1982 et
336 1931 384 2000 qui
409 1928 551 1982 calcaneis
578 1930 740 1983 innituntur.
766 1929 871 1984 IDEM

90 2016 158 2068 dicit
180 2033 228 2070 eos
247 2016 344 2090 quibus
362 2033 483 2090 paritum
498 2027 539 2070 est
557 2028 698 2072 verenam
716 2028 801 2089 atque
816 2022 869 2070 sic-

88 2122 164 2168 cum,
194 2104 353 2158 mulieribus
377 2121 436 2157 esse
458 2103 583 2172 deditos,
609 2115 640 2158 et
660 2103 758 2177 quibus
781 2109 868 2159 etiam

88 2211 172 2266 quum
192 2211 249 2248 non
267 2194 423 2248 intenditur
436 2203 539 2246 rectum
563 2203 619 2267 est,
641 2205 669 2248 et
690 2190 869 2267 quifeminis

85 2285 232 2352 proximos
245 2278 351 2334 babent
363 2279 458 2332 vultus
479 2289 509 2333 et
523 2290 645 2333 ceteram
662 2287 784 2354 corporis
804 2300 866 2357 spe·

87 2374 155 2422 ciem
171 2385 183 2424 :
197 2369 329 2423 masculIs
346 2378 440 2421 auam
454 2385 513 2420 esse
525 2368 633 2422 ‹leditos
648 2374 696 2445 qui
713 2390 825 2444 corpore
838 2386 868 2429 et

85 2460 166 2512 vultu
185 2469 250 2512 stent
261 2457 351 2531 virili,
371 2461 458 2529 etqui
472 2457 591 2509 alterum
604 2474 642 2510 es.-
656 2459 745 2512 oculis
761 2459 868 2515 liabent

83 2551 232 2618 glaucum.
261 2548 312 2600 Ita
337 2547 422 2600 etde
446 2546 606 2599 mulieribus
624 2547 710 2616 dicit,
736 2551 878 2624 mallones⁸

83 2641 157 2690 coire
177 2654 242 2690 curn
266 2634 424 2689 mulieribus
445 2651 564 2706 quarum
588 2639 695 2705 species
712 2648 754 2691 est
767 2639 863 2692 mulie·

83 2727 148 2792 bris,
168 2725 301 2779 masculis
310 2735 404 2776 autem
419 2726 512 2792 magis
522 2722 635 2776 deditas
649 2743 713 2796 quoe
722 2731 815 2797 magis
824 2729 867 2780 ad

82 2817 199 2870 nidlem
219 2817 341 2888 speciem
364 2809 541 2882 respondent.
564 2809 618 2880 Qui
636 2813 735 2866 virilia
758 2813 866 2868 babent

81 2921 196 2975 magna
212 2905 352 2974 laneaque
361 2899 459 2953 stolidi
471 2909 545 2954 sunt.
559 2899 667 2953 IDEM
675 2901 742 2956 dicit
759 2909 864 2976 eosqui

78 3011 167 3066 quum
181 2991 332 3046 ambulant
349 2989 492 3043 calcaneis
507 2992 665 3058 introrsum,
675 2987 796 3062 pedibus
810 3011 863 3046 au-

78 3095 136 3136 tem
157 3078 316 3143 forinsecus
330 3081 466 3132 conversis
480 3079 615 3144 incedunt,
636 3083 790 3150 posteriora
803 3099 862 3136 sec·

78 3175 147 3224 tari.
172 3167 282 3222 IDEM
305 3165 377 3220 dicit
389 3166 591 3222 attentantibus
609 3184 639 3219 se
655 3164 778 3236 facilem
803 3188 862 3226 esse

76 3265 128 3331 qui
151 3263 183 3313 in
208 3257 282 3310 alias
298 3258 387 3328 turpis
400 3265 455 3320 est,
480 3260 527 3329 qui
543 3255 651 3309 vultum
671 3269 756 3329 gerat
771 3256 861 3328 semi·

77 3353 190 3416 ninum,
214 3355 244 3398 et
258 3347 305 3417 qni
317 3348 426 3417 nigrum
440 3345 515 3417 quod
529 3357 571 3398 est
593 3349 669 3400 intra
681 3349 789 3402 oculum
803 3351 861 3406 ali-

74 3447 187 3510 quanto
208 3437 344 3507 pinguius
366 3430 483 3497 babeat,
510 3443 539 3485 et
563 3437 609 3505 qui
631 3435 727 3489 loeuum
753 3439 859 3494 oculum

74 3528 215 3596 glaucum
246 3533 318 3577 erat.
354 3521 435 3574 Idem
471 3522 663 3579 Antssossues
695 3525 772 3578 dien
794 3545 858 3581 sen-

73 3615 154 3668 sibus
178 3628 242 3667 esse
264 3628 311 3664 eos
333 3609 472 3663 tardiores
498 3628 614 3681 quorum
640 3630 721 3666 crura
747 3633 858 3670 incurva

71 3715 148 3768 sunt,
177 3718 248 3774 quos
265 3709 376 3752 certunr
392 3708 434 3751 est
454 3698 625 3753 detractione
651 3706 744 3773 potius·
764 3704 858 3758 delec-

69 3797 134 3846 tari
156 3809 165 3845 .·
192 3801 258 3845 sunt
271 3791 346 3842 enim
366 3790 446 3842 otiosi
462 3784 588 3842 homines
609 3793 801 3846 convenientes
818 3795 859 3848 cul

71 3882 168 3935 locum
193 3889 298 3933 certum
312 3881 466 3950 ineptisque
484 3877 688 3930 narrationibus
704 3881 853 3940 studentes.

67 3969 108 4022 Et
130 3968 256 4022 stolidos
280 3965 470 4020 iussorem
490 3963 558 4017 dicit
577 3982 636 4021 esse
657 3967 756 4038 quibus
775 3987 858 4023 aures

68 4075 199 4128 magnae
216 4055 302 4109 etad
321 4053 426 4106 vultum
442 4071 579 4107 conversa·
591 4065 655 4107 sunt
664 4057 809 4130 pedesque
827 4063 856 4112 in

65 4147 194 4200 niodum
212 4140 337 4227 falcium
359 4145 482 4210 recurvi,
507 4159 621 4214 quorum
643 4147 707 4196 voci
725 4148 871 4200 insonent'

64 4251 172 4298 stares,
189 4241 218 4284 et
236 4249 350 4304 quorum
371 4232 461 4284 lutera
477 4231 583 4284 tumida
599 4242 664 4284 sunt
676 4227 713 4285 'ac
729 4250 854 4304 recurva,

63 4331 95 4373 ct
108 4335 238 4392 quorum
257 4333 353 4388 genua
367 4321 513 4372 introrsum
524 4329 647 4372 retracta
658 4332 735 4376 sunt.
753 4322 856 4377 IDEM

60 4410 141 4462 dicit
155 4405 281 4460 colorem
288 4405 407 4478 plumbo
423 4409 544 4461 similem
558 4419 586 4462 ct
599 4411 647 4481 qui
656 4409 802 4464 distinctus
815 4423 856 4465 cst

63 4496 201 4553 maculis
213 4495 339 4548 rotundis
358 4512 438 4568 quem
461 4498 520 4570 ipsc
535 4497 665 4570 appellat
678 4494 775 4568 (deest
797 4515 855 4553 no-

60 4603 137 4642 men
169 4577 318 4656 graecum)
333 4599 496 4655 omnemque
514 4585 653 4639 sordidum
668 4585 786 4639 colorem
807 4605 855 4639 cu·

61 4691 191 4748 temque
210 4689 333 4725 aussam
348 4690 384 4726 ac
397 4689 540 4746 rugosam,
566 4673 713 4727 rotundum
729 4685 854 4728 ventrem

58 4777 91 4820 et
117 4764 350 4837 prominentem,
372 4761 524 4834 quibusque
545 4779 612 4814 caro
629 4763 724 4816 durior
745 4773 800 4830 est,
828 4775 855 4817 et

59 4855 175 4928 quibus
197 4867 271 4903 suroe
281 4867 385 4902 crassoe
396 4860 480 4922 atque
492 4866 615 4903 nervosae
627 4860 701 4920 sunt,
714 4861 744 4904 et
756 4850 856 4923 quibus

61 4945 172 4998 nultus
196 4958 334 5012 naresque
346 4958 450 4994 crassce
463 4951 528 4994 sunt
548 4957 557 4995 ι
580 4940 743 4994 stoliditatis
761 4943 856 4995 omnia

58 5034 131 5086 lsoec
160 5047 227 5086 esse
243 5030 361 5092 Indicia,
384 5029 492 5083 Deinde
513 5031 699 5084 Ansssomes
718 5030 786 5084 dicit
804 5033 854 5082 in-

58 5123 150 5175 uidos
172 5135 236 5173 esse
256 5122 304 5192 qui
323 5122 452 5174 sinistras
465 5131 566 5194 [rantes
591 5125 712 5190 majores
738 5118 852 5180 liabent.

171 5233 339 5272 anismam.
354 5233 411 5272 vot..
428 5234 463 5275 tt.

1649 405 1705 465 193

927 524 955 564 et
982 515 1082 586 quibus
1112 523 1266 592 supercilia
1290 525 1332 578 ad
1361 529 1456 582 oculos
1481 537 1609 589 detracta
1631 551 1704 595 sunt.
1733 571 1738 582 ·

928 601 1033 656 IDEM
1047 605 1117 659 dicit
1132 605 1179 660 ubi
1200 626 1238 662 ea
1255 628 1327 682 pars
1340 630 1406 684 quae
1428 633 1512 691 super
1526 625 1658 694 gingivas
1679 637 1707 680 et

927 705 1006 744 oram
1026 688 1098 746 labii
1113 699 1263 768 superioris
1283 711 1325 753 est
1344 705 1458 772 eminet,
1476 708 1558 762 idest
1570 712 1706 766 medietas

927 777 989 845 ejus
1014 784 1101 852 spatii
1123 801 1188 856 quoe
1213 788 1286 840 inter
1310 806 1396 842 nares
1417 804 1459 847 est
1477 812 1610 869 oramque
1635 801 1707 854 labii

927 871 1089 937 superioris,
1112 872 1281 927 maledicum
1294 877 1439 950 designari
1450 879 1458 955 (
1468 878 1510 937 ib.
1526 900 1555 957 p.
1573 901 1620 958 10,
1634 892 1673 960 49
1682 884 1703 963 ).

926 954 1037 1008 IDEM
1047 957 1114 1012 dicit
1127 961 1281 1016 maledicos
1296 982 1356 1018 esse
1375 968 1475 1039 qulbus
1494 971 1600 1026 labium
1615 977 1704 1031 altum

926 1047 1054 1115 superius
1062 1057 1111 1111 est,
1127 1050 1223 1102 vultus
1229 1057 1360 1122 pronior,
1371 1053 1507 1130 hispidus,
1518 1059 1667 1116 subrubeus
1678 1076 1706 1118 et

927 1135 968 1184 uti
984 1134 1060 1186 dien
1072 1139 1131 1207 ipsc
1147 1134 1248 1210 (deest
1258 1155 1337 1195 nom.
1352 1159 1396 1216 gr.
1416 1140 1459 1202 Cf.
1477 1143 1518 1202 ib.
1532 1163 1564 1222 p.
1580 1147 1610 1217 6,
1637 1150 1702 1225 11).

926 1220 1031 1274 IDEM
1042 1223 1113 1276 dicit
1129 1242 1211 1278 suras
1228 1246 1312 1300 quum
1325 1242 1457 1286 retracta
1473 1247 1538 1288 sunt
1558 1239 1600 1290 ad
1610 1255 1705 1310 genua

926 1307 978 1360 uel
987 1308 1163 1384 suffragines,
1182 1314 1309 1368 indicare
1327 1314 1469 1373 bominem
1482 1327 1531 1394 qui
1549 1326 1591 1378 ad
1602 1331 1702 1382 coitum

923 1389 1021 1454 facilis
1033 1400 1073 1450 sit
1090 1409 1119 1451 et
1131 1401 1231 1458 velox.
1257 1403 1360 1458 IDEM
1377 1407 1446 1460 dicit
1448 1404 1549 1476 femur
1562 1431 1646 1483 quum
1657 1420 1704 1469 ni-

926 1483 984 1536 mia
1010 1500 1096 1538 carne
1119 1489 1321 1544 circumdatum
1346 1504 1397 1559 est,
1413 1490 1588 1562 femininum
1604 1506 1703 1572 potius

924 1569 1018 1624 videri
1036 1588 1044 1624 .·
1061 1577 1143 1627 siccis
1157 1577 1308 1649 solidisque
1321 1578 1428 1635 ossibus
1442 1587 1539 1638 virtuti
1559 1591 1703 1659 assignari

927 1656 991 1732 (ib.
1007 1677 1038 1736 p.
1055 1679 1085 1733 9,
1109 1659 1176 1738 28).
1202 1666 1311 1720 IDEM
1328 1668 1397 1722 dicit
1417 1689 1501 1743 quum
1521 1672 1638 1749 bispida
1657 1683 1700 1731 ni·

924 1752 1009 1804 mium
1023 1747 1211 1816 suntsemina
1234 1765 1263 1806 et
1283 1773 1381 1824 crura,
1392 1777 1501 1832 pronos
1521 1766 1550 1815 in
1569 1782 1700 1820 uenerem

923 1839 1069 1893 ostendere
1089 1860 1100 1893 .·
1119 1838 1239 1910 refertur
1262 1841 1315 1896 boc
1336 1846 1378 1898 ad
1392 1864 1492 1921 capros
1516 1845 1577 1922 (ib.
1595 1869 1624 1926 p.
1651 1871 1698 1922 12,

927 1923 991 1998 15).
1015 1929 1122 1983 IDEM
1145 1930 1214 1983 dicit
1236 1943 1316 1985 nates
1339 1937 1464 1989 sicciores
1489 1940 1584 1993 vt'riles
1607 1959 1667 1997 esse
1689 1962 1699 1996 .·

923 2025 1004 2068 nates
1029 2019 1134 2090 amplis
1164 2020 1295 2073 carnibus
1322 2018 1521 2090 effeminatum
1544 2032 1696 2085 ostendere.

922 2101 1013 2156 Nates
1029 2117 1124 2160 autem
1138 2093 1280 2180 'tanquam
1295 2106 1423 2165 abscisas
1436 2115 1624 2189 malignitatis
1639 2137 1700 2172 esse

921 2196 1006 2262 signa
1030 2190 1172 2262 :refertur
1195 2196 1248 2248 noc
1269 2197 1312 2248 ad
1331 2216 1423 2252 ursum
1445 2212 1472 2254 ct
1504 2207 1615 2258 simiam
1636 2202 1696 2282 (ib.

921 2295 951 2353 p.
970 2297 1004 2352 9,
1033 2279 1068 2335 31
1081 2280 1102 2355 ).
1119 2283 1224 2336 IDEM
1235 2284 1303 2336 dicit
1309 2293 1495 2358 pantomimis
1511 2303 1539 2345 et
1556 2293 1632 2347 aleoe
1651 2296 1699 2349 de·

918 2368 992 2422 ditos
1015 2386 1076 2424 esse
1096 2373 1143 2442 qui
1155 2369 1270 2424 bracitia
1288 2372 1327 2424 ab
1340 2371 1456 2430 humero
1475 2395 1559 2450 usque
1571 2381 1699 2437 adcubi·

919 2467 977 2511 tum
987 2456 1114 2511 brequra
1127 2455 1233 2511 babent
1247 2477 1331 2532 quam
1345 2473 1386 2516 est
1395 2469 1518 2535 spatium
1530 2467 1569 2520 ab
1582 2466 1699 2524 humero

918 2565 1003 2620 usque
1024 2545 1068 2600 ad
1083 2556 1169 2619 caput
1184 2565 1321 2602 summum
1334 2547 1396 2623 (ib.
1415 2569 1444 2625 p.
1460 2552 1490 2623 6,
1511 2572 1543 2608 11
1556 2556 1577 2626 ).
1592 2559 1697 2614 Iisdem

918 2639 997 2689 vitiis
1014 2637 1135 2689 attineri
1156 2652 1220 2688 cum
1240 2640 1286 2708 qui
1292 2635 1409 2705 semina
1424 2659 1526 2712 parva,
1546 2662 1628 2698 crura
1644 2664 1696 2700 au-

919 2733 973 2778 tem
988 2721 1074 2777 babet
1092 2723 1231 2794 longiora.
1248 2725 1354 2778 IDEM
1366 2730 1436 2781 dicit
1450 2733 1541 2782 tristes
1554 2749 1612 2785 esse
1632 2740 1697 2806 qui·

918 2811 968 2864 bus
980 2811 1076 2864 vultus
1097 2815 1189 2864 omnis
1205 2828 1324 2884 rugosus
1336 2825 1388 2870 est.
1403 2815 1512 2870 IDEM
1522 2819 1592 2871 dicit
1601 2838 1697 2893 parva

917 2915 1034 2972 corpora
1057 2899 1170 2952 velocia
1195 2897 1255 2970 (ib.
1282 2919 1311 2975 p.
1339 2907 1372 2967 14
1381 2940 1390 2968 ,
1420 2901 1483 2975 17).
1499 2902 1590 2973 Quum
1611 2911 1697 2978 igitsu

916 2992 991 3041 sicca
1001 3004 1069 3041 caro
1082 2997 1126 3039 est
1139 2992 1167 3041 in
1175 3008 1266 3062 parco
1285 3007 1399 3064 corpore
1407 2991 1537 3066 colorque
1546 2997 1692 3066 candidus,

916 3071 1095 3148 inefficacem
1120 3075 1261 3132 hommem
1294 3098 1354 3133 esse
1384 3077 1440 3154 (ib.
1467 3098 1498 3157 p.
1529 3087 1580 3151 14,
1614 3082 1694 3158 18).·

916 3183 999 3238 quum
1026 3182 1094 3219 vero
1119 3184 1223 3240 magno
1247 3174 1355 3242 corpori
1373 3188 1440 3224 caro
1465 3171 1557 3226 mollis
1579 3184 1622 3227 est
1646 3175 1697 3228 vel

915 3253 991 3306 color
1015 3263 1057 3306 est
1076 3249 1214 3324 frigidus,
1236 3251 1399 3328 inefficaces
1422 3244 1488 3314 sunt
1506 3255 1566 3334 [ib.
1591 3278 1623 3335 p.
1645 3267 1692 3332 14,

916 3336 989 3415 26).
1007 3341 1092 3396 Color
1117 3352 1212 3397 autem
1236 3344 1345 3397 calidus
1364 3349 1446 3420 niger
1468 3358 1523 3412 est,
1550 3349 1688 3423 subniger,

916 3434 1029 3502 ignitus,
1050 3429 1150 3486 rubeus
1175 3449 1183 3484 :
1211 3433 1288 3486 color
1294 3429 1421 3508 frigidus
1439 3436 1521 3490 albus
1538 3448 1582 3490 est
1603 3456 1614 3490 .·
1633 3457 1693 3492 me·

913 3519 976 3572 dius
989 3523 1063 3574 inter
1082 3525 1194 3595 nigrum
1213 3532 1243 3576 et
1248 3523 1392 3594 pallidum
1412 3523 1537 3578 liabetur.
1552 3526 1591 3580 Et
1602 3528 1692 3582 calidi

914 3610 1015 3663 coloris
1033 3613 1157 3681 signum,
1179 3622 1311 3683 utsupra
1333 3612 1435 3666 dictum
1451 3625 1507 3681 est,
1528 3616 1691 3669 meridianoe

911 3699 1020 3772 plaga,
1030 3692 1139 3769 srIgidi
1148 3701 1360 3772 septentrionali
1377 3700 1541 3754 attributum
1551 3712 1602 3760 est.
1618 3703 1690 3756 Ilur-

912 3804 959 3840 sus
978 3804 1062 3860 quum
1086 3805 1186 3860 corpus
1193 3805 1315 3860 parvum
1335 3791 1415 3844 molli
1434 3809 1520 3843 carne
1536 3793 1690 3845 circumda·

912 3887 969 3930 tum
993 3886 1078 3929 estet
1096 3875 1215 3929 colorem
1235 3895 1273 3930 ee
1284 3872 1484 3948 frigidioribus
1498 3881 1621 3932 sortitum
1634 3891 1686 3948 est,

912 3961 1000 4019 facile
1016 3964 1134 4036 perficit
1151 3975 1245 4036 coepta
1269 3975 1297 4017 et
1315 3975 1357 4018 est
1379 3961 1487 4037 efficat
1502 3960 1562 4041 (ib.
1588 3983 1618 4040 p.
1636 3972 1688 4037 14,

913 4047 970 4125 3ο)
989 4069 997 4105 .·
1014 4070 1113 4124 corpus
1132 4062 1226 4105 antem
1249 4069 1384 4123 magnum
1399 4070 1481 4124 quum
1503 4057 1578 4106 sicca
1602 4072 1688 4108 carne

910 4140 1113 4194 circumdatum
1148 4149 1189 4196 est
1225 4151 1255 4192 ct
1285 4139 1404 4192 colorem
1438 4158 1476 4192 cx
1511 4141 1688 4195 calidioribus

908 4231 1042 4301 sunqrsit,
1053 4224 1162 4301 efficac-
1179 4238 1220 4279 est
1230 4232 1363 4300 vigetque
1374 4227 1500 4282 sensibus
1514 4224 1575 4301 (ib.
1589 4247 1619 4306 p.
1638 4238 1684 4300 14,

912 4313 977 4390 ³4).

950 4405 1090 4458 Hoecsunt
1109 4422 1173 4476 quae
1196 4404 1277 4476 apud
1296 4405 1403 4458 Metine
1428 4415 1456 4458 et
1484 4407 1684 4460 Antssomu

910 4495 1037 4549 notanda
1052 4511 1111 4548 esse
1129 4493 1309 4561 credidimus,
1325 4511 1389 4566 qua.-
1401 4498 1487 4548 etiam
1502 4511 1522 4547 a
1535 4494 1684 4550 Polemone

911 4585 960 4637 vel
969 4601 1024 4636 non
1036 4584 1111 4636 dicta
1123 4578 1172 4638 vel
1182 4582 1268 4634 aliter
1274 4581 1349 4634 dicta
1368 4598 1427 4635 esse
1435 4582 1635 4652 perspeximus.
1646 4582 1682 4632 Iu

909 4676 1008 4726 cctcris
1021 4676 1096 4726 enim
1100 4671 1300 4744 propemodum
1312 4669 1437 4725 omnibus
1449 4667 1481 4721 iu·
1493 4680 1547 4722 tres
1557 4679 1683 4723 auctores

909 4757 1020 4814 sibimet
1041 4763 1223 4814 consentiunt.

950 4847 984 4904 ln
1006 4846 1108 4904 eodem
1128 4857 1249 4904 tractatu
1267 4841 1328 4919 jam
1348 4855 1431 4901 antea
1452 4856 1495 4901 ter
1518 4843 1681 4900 Aristotelis

910 4951 1016 4992 nomen
1032 4933 1182 4991 occurrit:

950 5021 983 5082 P.
1000 5023 1067 5092 133,
1086 5023 1122 5080 23
1141 5042 1147 5076 :
1163 5021 1357 5078 Amssomes
1378 5021 1540 5092 hujusmodi
1551 5026 1608 5078 oris
1630 5019 1681 5074 bo·

910 5120 1009 5178 mines,
1025 5116 1109 5168 idest
1122 5118 1243 5172 concas-i.
1259 5109 1419 5166 libidinosos
1434 5115 1526 5184 magis
1547 5109 1678 5166 ostendit.

1562 5215 1589 5259 13
