4134 6134
351 409 406 470 tto

891 403 1138 467 nimietatis
1158 403 1406 466 maurianus.

382 537 489 596 Eadem
506 549 626 615 quaestio
645 547 782 594 tractmur
801 534 833 594 in
848 536 993 598 Problem.
1009 535 1064 612 lii,
1081 558 1114 596 ιι
1139 546 1147 592 i
1172 540 1237 608 σθην
1259 538 1312 594 τῶν
1338 533 1629 615 Ἀριστοτελικῶν,
1653 535 1681 593 ἐν
1705 527 1879 613 οἷςλίηιτιι,
1895 537 1946 609 δτι,

342 639 368 683 et
385 627 433 697 33,
451 623 546 684 sedin
564 636 666 682 neutro
678 623 835 702 locoillud
851 622 1037 703 ἐξυδαροῦσθαι
1050 645 1118 683 ver·

227 749 230 756 ι
343 713 412 772 bum
427 711 567 772 occurrit.

654 830 692 906 39
715 830 815 908 (ιιι).

381 949 527 1008 Plutarch.
543 948 648 1018 Quaest.
671 950 788 1010 conviv.
804 948 864 1026 Ill,
878 950 904 1022 5,
930 951 971 1009 ita
989 951 1114 1029 inscrip-

340 1051 401 1096 tum
415 1049 459 1096 cst
472 1057 480 1093 ι
497 1035 529 1094 Εἰ
541 1034 702 1117 ψυχρότερος
713 1040 746 1116 τη
763 1037 872 1114 δυνάμει
885 1041 900 1096 θ
913 1027 998 1111 cium
1008 1037 1113 1109 Quaes-

340 1125 449 1183 tionem
484 1125 516 1182 in
546 1124 710 1184 Aristotelis
741 1125 933 1184 Problematis
965 1138 1114 1185 mactamm

341 1213 430 1270 tuisse
443 1223 563 1270 testatur
585 1211 757 1270 Plutarchus
777 1211 823 1271 his
835 1211 935 1271 verbis
956 1214 1002 1290 §a
1023 1236 1030 1271 :
1054 1213 1114 1274 tti-

340 1321 444 1376 μνημαι
468 1297 516 1375 μίν
539 1289 593 1373 οὖν,
614 1298 687 1378 ἔφην,
703 1299 767 1378 ἐγώ,
791 1299 838 1359 καί
851 1299 1115 1379 Ἀριστοτέλους

338 1386 453 1467 ἐντυχὼν
461 1390 490 1446 od
502 1385 596 1446 νεωστί
605 1387 676 1468 λόγῳ
688 1386 748 1465 περὶ
756 1385 849 1447 τούτου
856 1393 901 1446 τοῦ
912 1388 1113 1468 προόλνίματος,

340 1476 398 1535 ἀλλ’
414 1478 509 1540 ἱκανῶς
523 1475 617 1534 πάλαι.

651 1602 688 1662 ιο
712 1595 803 1670 (353).

379 1715 527 1772 Plutarch.
550 1713 657 1783 Quaest.
681 1712 800 1771 conviv.
823 1711 878 1784 ili,
906 1711 964 1785 d,1
991 1712 1075 1775 :dib
1089 1715 1115 1771 τί

340 1800 531 1880 ἀκροθωράκων
548 1799 694 1878 λεγομένοιν
707 1800 732 1857 oi
757 1799 857 1878 σφόδρα
882 1799 1018 1874 μεθύοντες
1034 1792 1114 1872 ἧττον

339 1888 540 1967 παρακινητικοί
553 1890 632 1960 είσιν;
648 1887 762 1958 Οὐκοῦν,
774 1877 844 1944 εἶπεν
856 1889 870 1944 θ
881 1886 980 1966 πατήρ,
993 1887 1050 1947 ἐπεὶ
1067 1913 1116 1948 πα-

340 1976 548 2058 ρακεκινήκαμεν
572 1976 615 2036 τὸν
641 1974 873 2052 Ἀριστοτέλην
907 1974 975 2054 (iii,
1010 1999 1043 2050 7,
1075 1978 1113 2038 ci.

340 2085 429 2143 supra
447 2065 484 2123 ir.
506 2085 537 2122 ιι
551 2063 572 2142 l,
592 2062 638 2122 καί
658 2062 718 2142 περί
738 2065 790 2120 τῶν
805 2063 994 2142 ἀκροθωράκων
1017 2066 1115 2124 καλου-

344 2153 429 2230 μίνων
448 2150 513 2210 ίδιίν
536 2173 561 2209 τι
575 2149 776 2230 ἐπιχειρήσομεν
791 2151 882 2208 elutis·
896 2151 926 2208 οὐ
948 2149 998 2231 γάρ
1019 2154 1115 2220 ἱκανῶς

340 2265 384 2319 μοι
412 2241 496 2313 δοκεῖ,
524 2239 619 2319 καίπερ
645 2237 766 2307 ὀξύτατος
791 2237 828 2297 du
862 2241 889 2298 ίν
914 2239 966 2306 τοῖς
990 2242 1114 2310 τοιούτοις

340 2328 485 2404 ζητήμασι,
505 2325 767 2406 διηκριύωκίναιτιλν
790 2325 886 2385 αἰτίαν.
908 2326 984 2398 Φησὶ
998 2329 1059 2407 γάρ,
1078 2319 1116 2389 oi·

340 2438 401 2491 μοι,
410 2417 456 2471 τοῦ
471 2411 519 2488 μίν
532 2411 655 2494 νήφοντος
670 2404 699 2472 τύ
710 2413 755 2472 καί
773 2412 808 2470 τά
819 2411 881 2471 ὄντα
899 2411 993 2493 κρίνειν
1007 2415 1051 2475 τὸν
1066 2421 1114 2477 λο-

339 2501 452 2581 γισμόν,
477 2508 522 2561 τοῦ
547 2502 569 2559 δ’
598 2501 664 2578 άγαν
686 2499 822 2575 μεθύοντος
845 2500 1017 2576 ἐκλελυμένην
1041 2504 1116 2563 κατέ.

338 2593 431 2667 χεσθαι
457 2586 504 2658 τὴν
532 2587 670 2664 αίσθησιν,
685 2593 730 2646 τοῦ
756 2589 779 2644 θ’
800 2586 979 2667 ἀκροθώρακος
1005 2587 1044 2650 ἔτι
1066 2592 1114 2669 μίν

341 2675 442 2754 ἰσχύειν
467 2675 497 2732 τὸ
513 2674 701 2754 φανταστικόν,
721 2675 773 2746 ἤδη
794 2673 822 2732 δὲ
844 2675 1005 2757 τεταράχθαι
1025 2677 1056 2738 sd
1070 2679 1115 2738 λιν·

338 2761 463 2838 γιστικόν·
486 2761 526 2819 διδ
539 2761 585 2819 καὶ
607 2762 722 2842 κρίνειν,
738 2759 782 2819 κοιλ
800 2761 888 2825 κακῶς
902 2763 997 2842 κρίνειν
1012 2767 1115 2825 ἐπακο-

338 2853 478 2909 λουθοῦντα
494 2852 551 2915 ταῖς
571 2850 732 2930 φαντασίαις.

379 2938 483 2996 Eadem
500 2940 622 3013 quaestio
642 2939 689 2997 his
701 2951 821 2997 tractata
834 2952 878 2999 est
894 2937 1043 3000 Problem.
1056 2940 1115 3013 lii,

339 3045 355 3080 α
372 3039 400 3082 et
415 3045 464 3100 ορ,
481 3025 538 3082 alia
551 3037 647 3083 tamen
671 3027 702 3084 in
721 3027 782 3085 suis
803 3026 995 3085 Problematis
1010 3027 1115 3104 legisse

338 3113 455 3172 videtur
464 3113 646 3185 Plutarchus,
662 3113 731 3172 licet
741 3134 776 3173 ea
797 3135 861 3192 quse
875 3117 907 3175 iu
923 3116 1026 3175 ultimo
1038 3117 1114 3175 Pro·

338 3195 459 3256 blemate
478 3199 513 3256 de
539 3198 656 3275 Satyro,
678 3199 885 3276 tragoediarum
906 3215 1022 3278 actore,
1048 3224 1115 3264 nar·

339 3298 436 3343 rantur
449 3288 610 3362 respexerit
625 3289 657 3344 in
672 3285 750 3345 libro
763 3289 805 3347 De
821 3290 918 3350 cohib.
933 3293 987 3360 ira,
1005 3313 1031 3351 c.
1051 3312 1097 3353 ιο.

653 3422 686 3480 l1
714 3415 806 3495 (354).

377 3534 527 3592 Plutarchi
548 3533 656 3603 Quaest.
676 3539 780 3595 conviv
809 3537 861 3610 Vl,
879 3539 908 3610 8,
933 3541 948 3597 3
975 3563 981 3596 ι
1008 3540 1113 3616 Ἐμνή-

1171 624 1272 692 πολλῆς
1285 620 1445 701 περιψύξεως
1465 622 1606 699 γενομένης
1625 620 1729 694 ίξωθεν,
1740 621 1945 701 ’ἐκθερμαίνεται

1172 709 1273 790 ορίδρα
1289 708 1324 767 cd
1335 709 1417 787 ίντύς,
1432 708 1479 767 καί
1494 701 1562 769 nolli
1575 707 1715 789 σύντηγμα
1724 710 1803 768 ποιεῖ·
1822 714 1902 768 τῶτο
1914 711 1945 782 δ’,

1170 794 1216 855 ἐὰν
1231 794 1279 871 μίν
1292 797 1337 855 tei
1355 797 1389 856 τδι
1404 796 1485 869 σκέλη
1501 799 1565 878 ῥυῇ,
1586 794 1685 864 κύτους
1699 796 1879 876 άπεργάζεται
1903 798 1946 856 καὶ

1171 884 1332 966 βαρύτητας,
1352 885 1397 943 ida
1412 886 1437 944 d'
1450 885 1494 945 ίπλ
1507 886 1555 952 τδις
1566 889 1614 958 τῆς
1623 885 1750 959 κινήσεως
1762 884 1809 944 καὶ
1819 889 1870 957 τῆς
1886 889 1946 943 α’να-

1168 977 1251 1044 πνοῆς
1258 973 1354 1052 άρχάς,
1366 971 1481 1052 ἀψυχίαν
1491 970 1510 1044 ἢ
1519 973 1565 1032 καὶ
1577 971 1723 1033 ἀσθένειαν.

1210 1057 1295 1118 llaud
1323 1071 1396 1138 puto
1426 1059 1485 1117 alio
1518 1060 1647 1137 quodam
1676 1060 1841 1120 Aristotelis
1871 1060 1947 1120 libro

1169 1166 1253 1206 usum
1274 1166 1338 1206 esse
1354 1145 1544 1205 Plutarchum
1557 1151 1589 1206 in
1609 1147 1828 1219 Quaestionibus
1840 1151 1947 1208 oonvi·

1168 1234 1295 1306 salibus,
1318 1253 1404 1312 quam
1420 1233 1636 1293 Problematum
1651 1236 1840 1308 collectione;
1857 1237 1891 1294 iu
1912 1239 1947 1297 iis

1170 1340 1240 1380 vero
1270 1340 1336 1398 quae
1361 1319 1502 1383 hebernum
1530 1321 1726 1382 Problematis
1748 1322 1866 1382 nullum
1893 1325 1946 1384 tale

1170 1410 1299 1467 occurrit
1319 1409 1351 1467 in
1365 1413 1468 1486 quinta
1489 1409 1631 1488 sectione,
1652 1429 1718 1488 quae
1740 1410 1944 1470 inscribitur:

1168 1494 1243 1557 Ὅσα
1259 1495 1313 1554 ἀπὸ
1326 1494 1420 1556 ricco.
1438 1495 1573 1555 (kterum
1599 1497 1637 1557 ct.
1663 1497 1699 1556 de
1718 1498 1826 1558 Somno
1851 1512 1883 1557 et
1901 1499 1946 1557 ti-

1168 1584 1250 1660 gilia,
1266 1605 1291 1644 c.
1309 1585 1338 1656 3,
1350 1604 1381 1662 p.
1396 1584 1465 1656 504,
1477 1591 1517 1662 49

1480 1732 1518 1790 ιι
1539 1721 1631 1802 (355).

1210 1854 1359 1914 Plutarch.
1379 1856 1486 1924 Quaest.
1508 1855 1626 1917 conviv.
1651 1853 1716 1928 vti,
1743 1856 1774 1928 5,
1796 1876 1813 1913 a
1836 1877 1847 1914 τ
1873 1859 1945 1916 Δοκεῖ

1169 1939 1199 2001 δι’
1218 1965 1263 2018 μοι
1284 1941 1346 2019 μηδ’
1369 1939 1604 2023 Ἀριστοτέλης
1627 1941 1700 2025 ciris}
1714 1943 1805 2024 δικαίᾳ
1824 1943 1876 2012 τὰς
1890 1945 1946 2024 περὶ

1169 2029 1230 2089 θίαν
1244 2027 1291 2087 καὶ
1304 2028 1429 2108 άκρύασιν
1443 2028 1580 2096 εὐπαθείας
1607 2031 1731 2090 ἀπολύειν
1750 2031 1901 2112 apertu,
1914 2038 1946 2100 ὡς

1171 2116 1253 2194 μόνας
1266 2115 1433 2198 θνθρωπικδς
1443 2117 1531 2187 odone·
1547 2121 1604 2185 ταῖς
1620 2117 1644 2178 δ’
1655 2119 1749 2186 allen
1762 2118 1810 2178 καί
1826 2119 1864 2177 τὰ
1874 2121 1945 2197 θηρία

1170 2204 1247 2284 φύσιν
1262 2205 1357 2284 ἔχοντα
1370 2210 1486 2285 χρᾶσθαι
1503 2205 1548 2264 καί
1562 2209 1704 2267 κοινωνεῖν.

1211 2291 1289 2367 llaec,
1304 2291 1372 2352 licet
1386 2295 1521 2373 proxime
1530 2294 1666 2354 accedant
1679 2295 1714 2353 ad
1726 2315 1761 2354 ea
1773 2315 1840 2374 quae
1860 2297 1892 2353 in
1903 2316 1946 2354 ca·

1170 2380 1232 2459 pite
1252 2379 1351 2459 primo
1372 2381 1408 2440 de
1426 2381 1519 2442 Sensu
1534 2383 1679 2462 disputata
1692 2397 1771 2458 sunt,
1788 2399 1889 2445 umen
1910 2387 1945 2445 ob

1170 2468 1312 2527 rationem
1337 2490 1424 2548 quam
1443 2491 1532 2549 supra
1546 2472 1713 2546 attulimus,
1736 2477 1832 2552 potins
1859 2476 1942 2533 ede-

1169 2557 1283 2635 perdita
1306 2557 1521 2618 Problematum
1557 2573 1640 2638 parte
1674 2563 1828 2642 desumpta
1866 2565 1942 2623 arbi-

1169 2657 1290 2719 tramur,
1303 2647 1382 2722 quod
1395 2660 1424 2706 et
1436 2650 1528 2706 verba
1547 2647 1617 2730 αἰτίρ
1639 2649 1729 2708 δικαία
1747 2651 1943 2711 demonstrare

1169 2732 1318 2795 ridentur.

1486 2874 1524 2942 ιι
1543 2866 1639 2950 (οισι.

1209 3019 1357 3082 Plutarch.
1384 3021 1492 3092 Quaest.
1510 3025 1631 3086 courir.
1654 3023 1705 3096 vi,
1720 3044 1751 3101 9,
1764 3024 1805 3082 3:
1826 3024 1880 3084 lini
1891 3023 1940 3102 γάρ

1169 3097 1237 3166 οἶνον
1250 3111 1418 3188 κεκραμένον,
1442 3111 1644 3192 δυσχερέστερον
1663 3111 1794 3190 ἐξαιροῦσι
1816 3115 1870 3170 τῶν
1884 3115 1941 3188 ipa·

1168 3193 1243 3270 τίων,
1259 3198 1295 3262 ὡς
1311 3194 1544 3276 Ἀριστοτέλης
1558 3197 1648 3280 ρησίν,
1659 3197 1699 3256 ὅτι
1712 3196 1938 3278 λεπτάτεράςέστι,

1157 3280 1215 3340 ’καί
1224 3283 1323 3358 μᾶλλον
1338 3283 1452 3344 ἐνδύεται
1464 3289 1517 3353 τοῖς
1527 3286 1625 3366 πόροις

1208 3370 1289 3431 otios
1303 3371 1463 3450 κεκραμένον
1482 3376 1592 3434 mentio
1610 3376 1644 3434 fit
1657 3375 1689 3433 ia
1711 3373 1865 3435 Problem.
1890 3373 1938 3444 lli,

1171 3465 1205 3525 at.
1216 3470 1245 3516 et
1258 3455 1326 3530 iiii,
1338 3461 1384 3532 ιθ,
1399 3473 1536 3521 neutrum
1547 3481 1619 3521 vero
1635 3461 1786 3541 problema
1797 3465 1940 3543 respicere

1167 3543 1285 3603 videtur
1298 3546 1483 3606 Plutarchus.

338 3660 1929 3696 m*

708 3731 747 3778 39.

1134 3750 1139 3827 ρ
1169 3751 1228 3800 gere
1241 3740 1350 3802 corporis
1362 3740 1459 3792 interna
1470 3740 1628 3792 vehementer
1645 3741 1803 3800 iamlesoerc.
1815 3754 1938 3806 magnam·

367 3803 465 3881 hiemini
479 3833 557 3894 (dicii
567 3833 744 3900 Plutarchus)
756 3849 795 3887 me
805 3837 918 3888 incidisse
937 3839 961 3889 in
973 3839 1110 3891 Aristotelis
1169 3837 1219 3887 (1¹¹0
1228 3824 1263 3874 51⁸
1277 3825 1472 3890 oolliqnationcm
1487 3828 1552 3879 tffissi
1575 3843 1581 3870 ¹
1596 3842 1653 3894 ‘1¹¹0
1672 3828 1741 3879 Μ
1751 3839 1827 3879 “⁸¹²
1838 3829 1938 3885 m·

335 3915 367 3964 de
380 3916 426 3965 hac
435 3918 571 3979 quaestione
581 3932 612 3969 an
625 3919 710 3969 vinum
723 3920 841 3972 facultate
852 3922 967 3987 trigidum
979 3924 1011 3974 sit
1020 3924 1108 3990 dispu-

335 4003 463 4068 tationem,
476 4019 524 4056 non
533 4019 619 4072 nuper,
633 4007 677 4058 sed
688 4009 739 4071 iam
753 4009 856 4060 dadum.

696 4125 737 4174 lt.

368 4231 418 4279 cur
431 4226 600 4278 semihorares
610 4227 648 4290 (td
660 4230 697 4278 est
705 4228 847 4292 εσικιεθννθ)
856 4231 933 4294 magis
941 4231 1049 4281 motibus
1063 4246 1107 4281 cx·

335 4316 445 4366 citantur
461 4314 588 4376 absurdis,
608 4329 682 4378 quem
696 4316 830 4368 admodum
845 4319 923 4369 ebrii?
943 4323 1107 4378 Quantumiis

1170 3912 1326 3966 ωοωσιισι
1342 3916 1424 3980 ροισι
1435 3929 1466 3966 ae
1477 3916 1624 3980 μυσονιυς
1634 3916 1715 3968 σιω
1726 3916 1849 3981 penam
1859 3920 1939 3968 ιωιιι

1164 4006 1190 4054 et
1202 4003 1384 4068 respirationis,
1395 4005 1586 4058 exanimationes
1597 4011 1640 4058 ant
1648 4007 1852 4060 imbeciditetem.

1537 4175 1577 4221 tt.

1197 4317 1301 4368 Videtur
1323 4322 1406 4369 autem
1424 4321 1568 4372 Aristoteles
1580 4323 1654 4372 etlam
1674 4337 1722 4372 non
1734 4324 1830 4386 justam
1842 4337 1939 4374 musam

336 4403 495 4454 acutissimus
507 4403 531 4452 iu
543 4403 591 4453 hoc
610 4417 699 4468 genere
714 4406 880 4468 questionum
898 4411 1051 4473 Aristotcles,
1069 4415 1108 4462 ta·
1163 4405 1260 4464 cffcrrc.
1275 4419 1320 4456 cur
1331 4407 1389 4456 ⁸⁰¹ae
1402 4407 1576 4458 delectationes
1584 4410 1784 4473 spectaculorum
1797 4413 1825 4461 ct
1836 4411 1938 4461 auditic

336 4499 392 4535 men
403 4499 502 4537 caumm
516 4487 575 4538 mihi
594 4488 691 4540 videtur
704 4503 753 4540 noa
769 4491 830 4542 satis
843 4493 966 4546 subtiliter
978 4499 1003 4546 et
1022 4501 1110 4548 exacte
1163 4505 1223 4542 num
1236 4492 1430 4555 intemperanti&
1447 4495 1527 4558 cclcc
1539 4497 1642 4553 vcccctt
1653 4496 1712 4559 quia
1725 4497 1820 4547 scilicet
1833 4495 1938 4546 hominii

338 4571 482 4623 reddidisse.
507 4575 571 4624 Dicit
591 4576 669 4633 enim,
685 4579 715 4627 ut
732 4580 806 4642 puto,
829 4580 902 4630 sobrii
919 4583 1037 4634 rationem
1062 4584 1110 4633 albi
1160 4593 1196 4630 eae
1204 4579 1253 4630 sint
1261 4578 1484 4644 propriae‚reliquae
1491 4565 1681 4631 eiiamabrutis
1691 4593 1735 4643 per
1743 4583 1860 4630 naturam
1870 4592 1937 4628 suam

336 4661 468 4709 constare:
484 4661 555 4711 vaide
568 4662 679 4715 inebriati
696 4665 771 4716 eiiam
788 4680 888 4717 sensum
903 4681 957 4718 esse
970 4669 1108 4721 obrutum:
1127 4709 1131 4716 .
1161 4665 1334 4732 percipiantur.

336 4747 364 4794 at
375 4745 497 4795 semichrii
510 4745 590 4796 adhuc
605 4749 688 4800 valere
704 4751 754 4800 vim
768 4752 967 4815 imaginatricem,
983 4755 1034 4816 jam
1049 4769 1106 4806 oon·

336 4835 434 4885 turbata
446 4834 553 4894 ratioue3
569 4835 652 4902 itaque
662 4853 704 4890 eos
713 4842 862 4906 etjudioare,
877 4848 903 4895 et
914 4845 980 4908 quod
992 4847 1052 4896 visis
1062 4861 1108 4911 pa-

336 4923 414 4985 reant,
429 4922 493 4974 male
505 4923 625 4988 judicare.

702 5041 743 5089 il.

1531 4827 1571 4874 la.

1195 4974 1286 5024 Vinum
1300 4973 1407 5025 ddatam
1429 4973 1573 5026 Aristoteles
1594 4976 1629 5025 ait
1643 4975 1771 5027 difficilius
1787 4976 1837 5027 elui
1853 4987 1938 5026 eres-

1165 5063 1240 5125 tihas,
1252 5063 1319 5126 quod
1327 5064 1491 5128 magisteriae
1503 5065 1605 5122 tacimn,
1618 5065 1757 5130 penitiusin
1770 5068 1869 5116 mutas
1878 5064 1938 5115 snb-

367 5141 508 5194 itristoteles
519 5141 591 5194 docet
599 5143 658 5195 toris
666 5156 754 5209 magno
765 5145 914 5202 urcunmso
925 5152 950 5200 et
958 5150 1053 5204 etheaei
1065 5151 1109 5201 tri·
1164 5153 1214 5202 est.
