4134 6134
327 415 386 474 fill

324 545 556 623 quemadmodum
570 545 638 597 etin
650 544 752 594 uentis.
767 539 886 611 Propter
900 537 974 610 quod
986 555 1098 610 procer·

325 637 436 690 bialiter
446 635 586 706 loquentes
595 629 714 682 dicimus
723 643 734 682 .·
744 624 892 680 inchoante
902 636 995 679 autem
1006 635 1101 680 austro

325 735 353 779 et
362 724 504 776 desinente
515 719 608 774 borea.
619 716 676 786 Qui
688 715 800 790 quidem
815 718 890 769 enim
901 723 995 768 asister·
1002 717 1071 786 quia
1080 732 1101 766 a

328 810 541 884 hrngeperrenit
552 805 593 858 ad
601 821 666 870 nas,
681 802 886 877 primodcbilis
893 801 966 874 stat,
982 818 1101 872 magnus

325 909 416 953 autem
431 895 471 968 fit
493 909 653 950 consumens
668 891 871 964 (consummans
888 905 922 947 v.
936 886 983 963 1.),
1003 889 1101 944 boreas

325 996 418 1038 antem
428 977 875 1052 contrariumpropterhabitatum
883 977 971 1032 lacum
981 980 1101 1048 supponi

325 1073 366 1126 ad
377 1071 499 1125 boream.
512 1069 598 1124 Nilus
621 1078 715 1120 autem
734 1069 814 1119 uenit
827 1067 920 1138 primo
940 1067 1098 1130 maximus,

322 1170 461 1232 postremo
490 1168 582 1210 antem
608 1159 759 1209 minoratus
779 1164 806 1206 et
829 1152 972 1224 deficiens.
1004 1150 1102 1204 Adhuc

327 1258 421 1300 autem
444 1243 619 1299 conventibus
637 1246 773 1296 mensium
794 1245 885 1311 magis
898 1239 968 1310 fluit
984 1250 1013 1294 et
1028 1239 1102 1311 defi·

325 1339 412 1388 ciente
436 1334 503 1386 lurra
535 1333 625 1405 magis
647 1347 730 1402 quam
753 1339 845 1382 stante
869 1339 899 1382 et
928 1326 1100 1402 panselinis.

329 1421 480 1495 Oportebat
501 1429 593 1472 autern
621 1421 788 1470 contrarium
814 1432 825 1467 .·
846 1415 1003 1486 plenilunio
1029 1417 1103 1467 enim

325 1509 471 1584 congelata
495 1507 646 1564 tabescunt.
663 1505 699 1558 Et
722 1515 869 1558 ventorum
891 1503 1004 1575 quando
1023 1501 1104 1556 boree

326 1600 465 1668 obtinent,
476 1595 528 1648 sed
537 1612 592 1648 non
606 1593 719 1665 quando
732 1590 811 1646 nothi
824 1611 834 1644 .·
845 1595 972 1664 quamvis
983 1587 1103 1663 liquefa-

327 1689 383 1738 ciat
405 1682 515 1755 quidem
540 1681 624 1734 borea
647 1697 719 1732 nnnc
744 1681 836 1749 magis
858 1677 968 1732 nothus.
994 1677 1103 1730 Eadem

327 1783 419 1826 autem
440 1770 530 1823 dicere
545 1771 671 1841 congruit
684 1777 711 1820 et
725 1767 765 1819 acl
778 1766 901 1818 dicentes
922 1763 959 1818 ab
975 1764 1104 1818 Eracleis

326 1859 480 1930 columpnis
500 1855 604 1926 fluere.
631 1851 799 1908 Promathns
826 1868 902 1906 earm
930 1849 1043 1904 Samius
1066 1871 1104 1906 ea

327 1947 445 2018 Argenti
459 1953 568 2010 mante,·
584 1943 656 1996 unde
680 1953 709 1995 et
728 1942 863 1996 Cremetis
877 1937 925 2013 (cl.
943 1936 1032 1995 Arist.
1048 1935 1105 1996 lile·

329 2030 431 2089 teorol.
451 2029 475 2101 I,
501 2028 546 2098 15,
575 2025 806 2104 21],liquesacta
820 2032 888 2082 nive.
911 2026 1012 2082 Adhuc
1031 2031 1104 2082 enim

322 2121 509 2194 peramplius
518 2124 643 2193 spacium
649 2117 836 2190 fierifluanm
850 2134 857 2168 :
868 2134 925 2190 per
935 2127 1020 2171 totam
1031 2120 1104 2172 enim

328 2210 438 2264 Libiam
452 2213 541 2281 ipsum
547 2207 641 2278 fluere
656 2209 755 2279 inquit.

366 2299 409 2352 De
422 2315 508 2352 causa
523 2297 634 2368 quidem
649 2299 742 2368 igitur,
754 2303 962 2366 propterquam
983 2294 1105 2346 Artaxa-

330 2404 414 2460 goras
448 2388 490 2438 ait
518 2379 634 2454 effluere
664 2383 782 2450 Nilum,
809 2391 889 2434 tanta
920 2380 999 2434 dicta
1026 2393 1102 2436 sunt.

328 2472 473 2544 Reliquum
487 2481 580 2524 autern
594 2471 736 2524 modorum
748 2486 794 2524 cas
808 2471 857 2540 qui
872 2483 928 2521 nan
938 2465 1048 2522 habent
1058 2487 1104 2522 ra-

330 2564 422 2614 ciones
433 2557 597 2613 verisimiles
610 2560 751 2631 posterius
771 2555 904 2610 dicemus.
920 2553 990 2609 Sunt
1011 2567 1104 2610 autern

329 2647 443 2721 quidam
453 2649 500 2720 qui
507 2643 819 2716 aiuntmsgeristuvium
829 2653 945 2718 propter
955 2644 1102 2711 annuales,

327 2733 454 2802 sontibus
464 2733 601 2788 incidente
612 2750 645 2787 eo
660 2732 736 2806 qnod
743 2741 824 2786 ectra
834 2733 917 2788 mari.
933 2732 984 2784 Hii
994 2744 1098 2799 autem,

327 2822 475 2876 calidiores
484 2825 632 2875 existentes
637 2815 737 2888 sontes
745 2837 802 2894 per
812 2831 927 2873 estatem
936 2820 1105 2892 superfluere

327 2910 475 2964 accedente
481 2910 539 2964 sole
546 2909 587 2962 ad
594 2926 706 2963 ursam:
717 2911 807 2980 magis
815 2911 889 2961 enim
896 2903 1102 2978 Jemorefluere

326 3015 429 3072 aquam
443 3016 528 3073 quam
538 2992 662 3069 frigore.
682 2996 802 3068 Quorum
816 3007 959 3068 utrumque
973 2996 1104 3050 mediocri

326 3086 441 3160 dignum
457 3098 497 3142 est
506 3085 735 3142 consideratione.
753 3085 808 3156 (lui
822 3085 935 3156 quidem
947 3089 1019 3139 enim
1032 3103 1103 3158 pro·

325 3184 388 3244 pter
402 3173 557 3240 annuales,
572 3171 704 3226 videntur
718 3173 786 3226 solvi
805 3171 907 3225 eisdem
928 3173 1102 3240 racionibus,

327 3278 397 3332 quas
407 3260 519 3332 quidem
531 3271 558 3313 et
567 3263 651 3332 prius
664 3261 804 3328 dicimus,
818 3271 846 3314 et
859 3259 934 3332 quod
950 3278 1004 3332 per
1018 3271 1104 3315 totam

329 3346 436 3400 Libiam
444 3345 540 3417 fluens
554 3347 629 3401 idem
641 3344 739 3410 facere
753 3347 1009 3418 consucvitflnrius.
1024 3348 1107 3420 Quod

329 3443 423 3486 autern
447 3443 556 3487 tantam
577 3446 672 3489 sumat
695 3435 871 3490 addicioncm
897 3453 972 3508 aqna
990 3447 1107 3510 propter

322 3514 478 3588 servarem,
495 3521 687 3576 irrationabile
712 3523 846 3592 totaliter,
871 3527 937 3594 quia
964 3542 1020 3579 non
1040 3525 1106 3596 plns

325 3602 401 3668 facit
410 3618 526 3682 propter
540 3604 645 3666 fervere
658 3610 807 3663 secundum
824 3621 957 3665 tumorem
972 3616 1104 3668 maiorem

328 3694 451 3750 eiusdem
465 3695 663 3751 multitudinis.

368 3783 527 3859 Nicagoras
542 3779 668 3856 (nomen
683 3793 791 3838 rectum
819 3801 849 3841 se
871 3781 980 3840 habere
1002 3783 1107 3844 docent

327 3865 425 3929 Schol.
437 3867 536 3944 Apoll.
550 3864 645 3926 ahod.
657 3865 704 3940 lV,
714 3868 772 3942 269
782 3881 811 3926 et
823 3868 1016 3928 Callimachus
1029 3872 1106 3949 apud

327 3955 424 4031 nntig.
441 3953 548 4015 Mis-ab.
566 3976 592 4016 c.
618 3953 685 4032 157)
708 3971 802 4012 autem
827 3961 941 4032 Ciprius
957 3966 997 4014 ait
1016 3967 1106 4036 ipsum

323 4047 415 4114 fluere
438 4045 562 4118 amplius
587 4058 674 4100 estate
688 4064 735 4115 eo,
750 4045 927 4120 quadsontes
947 4048 1051 4105 habeat
1070 4071 1107 4107 ea

329 4143 404 4186 terra
420 4133 461 4187 ad
473 4133 552 4188 illam
563 4146 674 4208 partem
681 4178 691 4203 ,
706 4140 800 4208 inqua
812 4137 908 4212 hyems
921 4150 978 4205 cst,
994 4142 1108 4212 quando

329 4215 414 4278 fuerit
427 4221 507 4295 apud
522 4241 571 4276 nos
584 4235 668 4279 estas.
683 4223 747 4278 Non
766 4225 855 4298 plane
875 4238 968 4281 autem
984 4225 1038 4282 hoc
1057 4230 1106 4285 de·

329 4311 468 4364 terminat.
483 4308 600 4364 Videtur
610 4322 703 4364 autem
724 4310 815 4364 nichil
827 4317 989 4383 negociatus
1012 4311 1106 4388 (nego-

868 401 1113 464 Anlstotms
1135 399 1384 462 FRAGMENTA.

1152 547 1229 601 sunt,
1256 553 1311 608 que
1344 546 1437 589 autem
1466 532 1613 588 habitatur
1622 551 1692 591 una.
1711 535 1824 589 Accidit
1845 539 1936 609 igitur

1150 627 1323 697 pertransire
1328 623 1466 694 fluentem
1477 622 1565 695 duplo
1579 633 1687 691 tantam
1698 627 1840 696 regionem
1862 625 1932 676 lati-

1154 713 1256 766 tudinis
1279 711 1405 766 habitate
1431 721 1461 766 et
1488 729 1546 784 per
1568 707 1784 764 inhabitabilem
1812 723 1939 786 propter

1153 817 1294 854 excessum
1307 801 1423 856 ardoris.
1437 801 1539 872 Itaque
1551 803 1576 851 si
1593 816 1682 871 neque
1700 809 1754 853 stet
1764 803 1795 852 in
1813 803 1935 854 circuita

1153 893 1239 942 maris
1255 889 1348 961 Libia,
1360 888 1413 942 sed
1433 892 1579 942 contimtus
1593 904 1757 961 progressus
1768 899 1828 942 tam
1841 893 1935 942 inter-

1154 981 1291 1031 minatam
1321 979 1476 1049 pertransit
1507 975 1698 1042 latitudinem,
1714 987 1832 1048 propter
1857 977 1943 1048 quod

1153 1065 1263 1137 quidem
1281 1077 1309 1118 ct
1325 1083 1345 1118 a
1361 1069 1423 1117 nive
1439 1063 1590 1118 dicentibus
1598 1063 1694 1133 fluere
1711 1065 1827 1132 accidit,
1846 1075 1877 1118 et
1893 1068 1938 1116 sic

1154 1151 1308 1207 dicentibus
1320 1152 1501 1224 impossibile.

1194 1242 1311 1295 Restant
1323 1250 1416 1294 autem
1435 1251 1490 1294 tres
1509 1238 1603 1294 adhuc
1625 1240 1701 1294 modi
1717 1241 1875 1308 dictarum,
1889 1258 1938 1294 se·

1155 1329 1275 1382 cundum
1288 1346 1355 1401 qnos
1368 1331 1531 1402 contigimus
1543 1330 1644 1380 annuis
1656 1332 1764 1401 augeri.
1781 1329 1819 1380 ln
1834 1326 1943 1388 treme

1156 1421 1229 1470 enim
1251 1413 1350 1469 ablata
1368 1433 1421 1488 que
1436 1420 1527 1468 inerat
1539 1431 1637 1486 aqua:
1653 1411 1706 1467 hoc
1722 1427 1815 1469 amem
1840 1421 1940 1486 ntique

1156 1505 1275 1559 eritsole
1287 1505 1460 1571 desiccante,
1477 1503 1710 1576 quemadmodum
1720 1503 1788 1557 dicit
1801 1503 1939 1556 Eroclotas

1156 1588 1320 1653 fabularum
1335 1596 1460 1665 scriptor.
1474 1593 1538 1648 Non
1551 1594 1628 1646 enim
1640 1594 1682 1644 ait
1692 1596 1721 1644 in
1734 1590 1836 1659 hyeme
1847 1593 1937 1645 solem

1153 1699 1208 1752 per
1227 1680 1337 1734 Libiam
1353 1676 1458 1748 facere
1487 1678 1735 1745 habundantiam,
1751 1683 1809 1732 nisi
1827 1685 1853 1732 si
1869 1697 1944 1732 con·

1157 1771 1248 1841 tingat
1268 1769 1355 1821 latum
1378 1766 1446 1821 hinc
1468 1767 1568 1820 ducere
1592 1765 1751 1830 humorem,
1774 1769 1852 1818 circa
1869 1783 1939 1818 ver·
1974 1828 1978 1839 Ι

1156 1860 1250 1909 siones
1263 1867 1355 1908 autem
1371 1855 1503 1909 estivalcs
1515 1855 1557 1908 ad
1570 1866 1678 1908 arctum
1696 1857 1804 1908 uenire.
1817 1853 1943 1926 Nequa—

1157 1959 1240 2015 quam
1255 1953 1348 1995 autem
1362 1942 1464 1995 dicitur
1473 1945 1608 2014 eaquisite
1626 1959 1636 1992 .·
1652 1957 1740 2013 neque
1752 1944 1827 1994 enirn
1837 1942 1945 1995 Nilum

1157 2029 1300 2102 oportebat
1318 2027 1423 2099 facere
1445 2029 1535 2083 solum
1559 2029 1620 2084 hoc.
1643 2027 1779 2082 Similiter
1802 2034 1881 2083 enim
1901 2049 1940 2082 ec

1157 2118 1239 2172 Libia
1251 2128 1310 2172 tota
1323 2118 1396 2171 idem
1407 2117 1474 2170 dicit
1483 2118 1569 2172 solem
1584 2115 1697 2171 trabere
1709 2115 1874 2186 humorem,
1885 2137 1944 2189 pu-

1158 2215 1271 2278 tareque
1294 2208 1469 2278 superuenire
1496 2202 1644 2257 habitabih'
1671 2204 1758 2257 solem
1784 2205 1938 2258 secundum

1158 2309 1351 2366 quamcunque
1363 2303 1491 2364 partem,
1513 2294 1636 2346 stultum.
1655 2292 1764 2365 Ubique
1783 2310 1939 2363 gnomones

1158 2380 1285 2435 umbram
1299 2381 1341 2435 ad
1353 2380 1495 2433 meridiem
1507 2375 1627 2448 faciunt
1648 2392 1676 2434 et
1696 2398 1751 2433 non
1771 2379 1826 2434 hoc
1846 2379 1937 2452 disse-

1158 2482 1237 2540 runt,
1252 2470 1304 2523 sed
1317 2486 1372 2542 per
1390 2472 1522 2522 maiorem
1541 2479 1593 2522 aut
1613 2472 1746 2522 minorem
1755 2465 1863 2536 facere
1876 2488 1939 2523 unr-

1159 2556 1249 2613 bram.
1260 2552 1373 2610 Libiam
1388 2567 1473 2610 totam
1484 2554 1749 2630 amphithalasst'am
1762 2560 1842 2610 aiunt
1857 2575 1920 2610 esse
1928 2597 1943 2624 ,.

1159 2656 1302 2718 tamquam
1315 2662 1377 2698 cum
1396 2648 1447 2698 iste
1459 2643 1557 2698 modus
1567 2645 1679 2717 quidem
1699 2661 1794 2698 catate
1807 2649 1938 2718 impossi-

1159 2732 1230 2792 bilis.

1196 2821 1341 2894 lleliqtmm
1361 2833 1454 2874 autem
1468 2821 1587 2874 duarum
1607 2833 1753 2894 utrumque
1766 2822 1855 2876 dicere
1877 2835 1933 2879 est.

1158 2911 1209 2964 list
1220 2915 1294 2964 enim
1308 2928 1365 2964 una
1376 2910 1486 2982 quidem
1501 2928 1605 2978 causa,
1620 2914 1686 2982 quia
1704 2922 1778 2965 terra
1795 2908 1940 2983 superser-

1158 3015 1222 3052 vens
1238 3002 1361 3052 existeres
1372 2996 1470 3069 hyeme
1483 3015 1530 3064 eo,
1545 2999 1620 3070 quod
1631 3003 1660 3052 in
1675 3000 1728 3052 tali
1736 2994 1939 3066 sundosontes

1156 3090 1227 3153 sint,
1241 3088 1301 3142 Nili
1317 3087 1473 3140 desiccatur·
1486 3103 1573 3159 aqua.
1595 3087 1679 3157 Quod
1697 3087 1808 3159 quidem
1819 3099 1846 3140 et
1872 3089 1939 3141 aliis

1157 3175 1279 3229 accidit:
1292 3187 1363 3248 puta
1375 3178 1404 3228 in
1416 3174 1518 3244 Frigia
1533 3179 1695 3247 sunt-putei
1701 3213 1711 3244 ,
1726 3179 1774 3247 qui
1795 3179 1824 3228 in
1845 3174 1941 3229 hiem

1139 3310 1142 3316 .
1157 3263 1266 3334 quidem
1289 3272 1352 3315 sunt
1371 3265 1451 3327 sicci,
1468 3265 1497 3313 in
1513 3271 1601 3315 estate
1623 3273 1717 3316 autem
1737 3263 1890 3336 replentur.
1903 3264 1943 3316 Et

1157 3355 1186 3404 in
1205 3350 1334 3406 Olinthia
1361 3350 1526 3406 Calcidonie
1551 3353 1668 3422 quidam
1686 3355 1766 3424 putei
1782 3352 1942 3426 plenissimi

1157 3451 1221 3493 sunt
1231 3451 1327 3495 estate.
1341 3439 1421 3492 Hanc
1433 3440 1544 3512 quidem
1557 3444 1642 3511 igitur
1660 3457 1778 3495 causam
1800 3452 1831 3495 ut
1846 3446 1937 3495 racio·

1158 3525 1322 3580 nobiliorem
1342 3530 1505 3579 existentem
1528 3526 1593 3592 illa,
1621 3545 1705 3599 quam
1725 3527 1940 3600 predictiassi·

1157 3624 1267 3685 gaunt,
1283 3614 1449 3668 dirimamus
1455 3618 1546 3688 prius.

1197 3703 1280 3757 Nunc
1292 3715 1385 3758 autem
1404 3704 1576 3777 relinquetur
1592 3703 1655 3758 sola
1683 3722 1770 3758 causa
1786 3704 1936 3760 dictorum.

1159 3790 1239 3844 Hanc
1259 3809 1373 3846 causam
1394 3792 1556 3855 dicendum,
1580 3793 1785 3865 propterquod
1801 3797 1862 3846 iam
1883 3813 1943 3848 aaa

1157 3874 1303 3949 problema
1323 3881 1436 3934 videtur
1454 3897 1513 3934 esse
1531 3897 1542 3935 .·
1558 3883 1587 3932 in
1608 3897 1717 3934 semum
1738 3884 1817 3934 enim
1839 3887 1937 3946 venit,

1159 3967 1391 4038 quemadmodum
1406 3985 1503 4040 perse
1517 3968 1646 4021 videntes
1661 3963 1740 4036 facti
1752 3986 1773 4020 a
1791 3973 1872 4028 uisis.
1891 3971 1938 4020 Π-

1161 4053 1263 4106 dentur
1282 4058 1355 4107 enim
1370 4071 1442 4126 aque
1455 4050 1535 4118 facte
1549 4072 1604 4126 per
1620 4065 1746 4128 tempora
1759 4054 1812 4109 hec
1831 4075 1853 4110 a
1867 4076 1940 4112 cane

1162 4141 1300 4211 usquead
1316 4153 1456 4194 arcturum
1474 4142 1560 4194 multe
1573 4152 1602 4195 et
1613 4140 1821 4210 habundanter,
1836 4143 1943 4210 hyeme

1160 4240 1253 4282 autem
1276 4229 1361 4283 nulle.
1376 4229 1412 4282 Et
1423 4229 1528 4300 stactus·
1546 4234 1714 4302 nutriuntur,
1727 4249 1790 4285 cum
1812 4245 1939 4286 crescam

1160 4320 1188 4368 in
1201 4319 1277 4390 ipsis.
1289 4317 1328 4370 Et
1342 4316 1520 4389 propterhoc
1535 4317 1622 4370 simul
1636 4319 1805 4372 annualibus
1825 4320 1942 4373 advenit

328 4399 423 4460 ciatur,
442 4399 616 4468 negociacins
629 4414 660 4452 v.
676 4393 708 4470 l.)
723 4416 782 4452 esse
801 4403 878 4452 circa
900 4398 953 4454 hoc
968 4401 1045 4473 quad
1063 4403 1106 4456 di·
1151 4403 1261 4475 fluuius
1276 4421 1287 4455 .·
1302 4407 1346 4457 isti
1359 4407 1432 4457 enim
1447 4403 1565 4458 nebulas
1579 4409 1705 4460 maxime
1722 4401 1824 4474 ferunt
1843 4410 1873 4459 in
1894 4425 1938 4460 re-

329 4486 401 4536 citur
414 4499 420 4535 :
433 4483 519 4536 simul
530 4489 606 4538 enim
618 4484 696 4539 nobis
706 4495 780 4540 estas
791 4485 826 4554 fit
834 4497 862 4540 et
871 4484 967 4558 hyems
977 4493 1006 4541 in
1015 4489 1106 4543 altera

329 4587 401 4623 zona
414 4567 621 4644 habitantibus,
633 4573 828 4628 intermedium
848 4585 943 4629 autem
965 4574 1105 4631 inhabita·

330 4656 384 4708 bile
398 4666 439 4709 est
456 4658 532 4728 quod
544 4663 642 4732 tropici
663 4661 790 4714 incidunt
803 4659 838 4714 de
864 4671 949 4718 terra.
967 4663 1018 4716 Est
1032 4666 1106 4717 enim

331 4761 388 4796 una
398 4743 508 4816 quidem
519 4764 588 4818 pars
600 4746 682 4824 hoec,
694 4750 787 4804 altera
798 4759 891 4803 autem
902 4767 986 4823 quam
1000 4767 1108 4824 semper

330 4828 499 4901 manifestus
517 4835 632 4889 circulus
645 4847 673 4891 et
685 4854 768 4910 quam
783 4854 892 4910 semper
904 4833 1108 4906 immanifestas

331 4919 529 4974 determinant.
545 4921 643 4976 Media
664 4934 756 4977 autem
781 4923 877 4980 horum
898 4935 927 4978 et
945 4927 1107 4996 tropicarum

1158 4494 1271 4562 glanem
1300 4501 1327 4544 et
1357 4495 1510 4565 quicunque
1540 4492 1591 4546 alii
1615 4497 1695 4546 venti
1714 4493 1788 4564 fiunt
1810 4496 1941 4549 estivales

1160 4589 1226 4632 ante
1247 4575 1306 4634 hos.
1329 4578 1437 4649 Quibus
1458 4575 1669 4649 offendentibus
1691 4582 1732 4634 ad
1755 4593 1863 4636 montes
1889 4584 1940 4636 de-

1162 4666 1252 4725 dunat
1269 4684 1349 4743 aque
1381 4669 1424 4721 ad
1455 4679 1574 4740 stagna,
1602 4687 1657 4742 per
1681 4687 1735 4741 que
1759 4672 1846 4726 Nilus
1857 4672 1941 4742 jluit.

1160 4753 1260 4808 Adhuc
1286 4767 1379 4810 autern
1401 4767 1429 4810 et
1454 4775 1518 4830 quae
1539 4775 1560 4810 a
1582 4761 1642 4811 nire
1666 4757 1820 4812 dicentibus
1843 4759 1945 4830 stuere

1159 4842 1421 4898 subcontrarietates
1436 4845 1620 4917 testificantur
1636 4844 1702 4899 huic
1714 4850 1839 4915 racioni,
1850 4849 1940 4920 qaod·

1160 4949 1213 5004 que
1234 4943 1263 4985 et
1283 4937 1334 4987 tati
1355 4934 1530 4988 conventibus
1546 4937 1678 4988 mensium
1701 4939 1795 5009 magis
1815 4952 1945 4989 crescem

301 5011 302 5014 ’
331 5006 455 5060 habitari
476 5011 611 5082 contingit
632 5013 660 5063 in
684 5015 798 5066 circuitu
818 5023 914 5067 terre:
934 5012 995 5066 sola
1014 5019 1107 5066 autem
1152 5018 1301 5089 flavium:
1329 5023 1430 5074 etenim
1465 5037 1539 5094 aque
1568 5032 1761 5075 consueverant
1780 5022 1852 5094 fieri
1872 5032 1942 5073 tunc

330 5110 384 5166 qne
406 5095 571 5150 intermedia
592 5109 647 5168 est,
660 5097 727 5152 solis
743 5104 873 5155 transitus
886 5103 1021 5167 existens,
1035 5101 1107 5153 dua·

330 5199 392 5236 rum
414 5201 545 5238 tartarum
568 5189 742 5260 magnitudo.
766 5190 829 5244 Due
857 5183 931 5244 enirn
957 5189 1109 5244 decisiones

360 5417 377 5456 9

1162 5110 1268 5178 magis,
1283 5116 1313 5160 et
1331 5107 1407 5180 qaod
1417 5122 1473 5161 non
1493 5111 1625 5164 similiter
1637 5113 1778 5182 copiosum
1800 5107 1941 5162 inchoans

1162 5211 1223 5248 cnm
1244 5204 1398 5268 postremo,
1423 5193 1518 5252 adhuc
1535 5209 1628 5252 autem
1646 5196 1758 5271 quando
1775 5195 1856 5250 nothi
1858 5197 1947 5268 flant
