<?xml version="1.0" encoding="UTF-8"?>
<!DOCTYPE html PUBLIC "-//W3C//DTD XHTML 1.0 Transitional//EN"
    "http://www.w3.org/TR/xhtml1/DTD/xhtml1-transitional.dtd">
<html xmlns="http://www.w3.org/1999/xhtml" xml:lang="en" lang="en">
 <head>
  <title>
</title>
<meta http-equiv="Content-Type" content="text/html;charset=utf-8" />
  <meta name='ocr-system' content='tesseract 3.04.00' />
  <meta name='ocr-capabilities' content='ocr_page ocr_carea ocr_par ocr_line ocrx_word'/>
</head>
<body>
  <div class='ocr_page' id='page_1' title='image "aristotelisoper12arisgoog_0021.png"; bbox 0 0 4134 6134; ppageno 0'>
   <div class='ocr_carea' id='block_1_1' title="bbox 820 690 1588 764">
    <p class='ocr_par' dir='ltr' id='par_1_1' title="bbox 820 690 1588 764">
     <span class='ocr_line' id='line_1_1' title="bbox 820 690 1588 764; baseline 0.008 -6"><span class='ocrx_word' id='word_1_1' title='bbox 820 702 1032 762; x_wconf 66' lang='lat' dir='ltr'>Purattt&#39;to.</span> <span class='ocrx_word' id='word_1_2' title='bbox 1204 690 1208 696; x_wconf 87' lang='grc'><strong><em>’</em></strong></span> <span class='ocrx_word' id='word_1_3' title='bbox 1549 729 1588 764; x_wconf 73' lang='lat' dir='ltr'>vn</span> 
     </span>
    </p>
   </div>
   <div class='ocr_carea' id='block_1_2' title="bbox 268 840 1590 940">
    <p class='ocr_par' dir='ltr' id='par_1_2' title="bbox 268 840 1590 940">
     <span class='ocr_line' id='line_1_2' title="bbox 268 840 1590 940; baseline 0.003 -29"><span class='ocrx_word' id='word_1_4' title='bbox 268 841 424 940; x_wconf 78' lang='lat' dir='ltr'>lo&#39;sophi,</span> <span class='ocrx_word' id='word_1_5' title='bbox 449 841 526 936; x_wconf 90' lang='lat' dir='ltr'>ejus</span> <span class='ocrx_word' id='word_1_6' title='bbox 550 842 753 912; x_wconf 89' lang='lat' dir='ltr'>testimonio</span> <span class='ocrx_word' id='word_1_7' title='bbox 774 841 889 911; x_wconf 89' lang='lat' dir='ltr'>multo</span> <span class='ocrx_word' id='word_1_8' title='bbox 919 840 1130 938; x_wconf 84' lang='lat' dir='ltr'>ampliorem</span> <span class='ocrx_word' id='word_1_9' title='bbox 1154 842 1319 929; x_wconf 89' lang='lat' dir='ltr'>iudicari,</span> <span class='ocrx_word' id='word_1_10' title='bbox 1340 869 1448 937; x_wconf 81' lang='lat' dir='ltr'>(pram</span> <span class='ocrx_word' id='word_1_11' title='bbox 1475 844 1590 940; x_wconf 89' lang='lat' dir='ltr'>qualis</span> 
     </span>
    </p>
   </div>
   <div class='ocr_carea' id='block_1_3' title="bbox 261 963 1676 3401">
    <p class='ocr_par' dir='ltr' id='par_1_3' title="bbox 265 963 1590 2050">
     <span class='ocr_line' id='line_1_3' title="bbox 267 963 1589 1064; baseline 0.004 -29"><span class='ocrx_word' id='word_1_12' title='bbox 267 964 366 1061; x_wconf 90' lang='lat' dir='ltr'>apud</span> <span class='ocrx_word' id='word_1_13' title='bbox 396 965 632 1064; x_wconf 84' lang='lat' dir='ltr'><strong>Hermippum</strong></span> <span class='ocrx_word' id='word_1_14' title='bbox 665 963 769 1060; x_wconf 88' lang='lat' dir='ltr'>cujus</span> <span class='ocrx_word' id='word_1_15' title='bbox 797 969 1009 1036; x_wconf 88' lang='lat' dir='ltr'>auctoritate</span> <span class='ocrx_word' id='word_1_16' title='bbox 1041 968 1169 1036; x_wconf 91' lang='lat' dir='ltr'>nititur</span> <span class='ocrx_word' id='word_1_17' title='bbox 1199 967 1301 1039; x_wconf 82' lang='lat' dir='ltr'>index</span> <span class='ocrx_word' id='word_1_18' title='bbox 1328 968 1391 1063; x_wconf 91' lang='lat' dir='ltr'>qui</span> <span class='ocrx_word' id='word_1_19' title='bbox 1421 982 1474 1037; x_wconf 86' lang='lat' dir='ltr'>est</span> <span class='ocrx_word' id='word_1_20' title='bbox 1492 968 1589 1064; x_wconf 88' lang='lat' dir='ltr'>apud</span> 
     </span>
     <span class='ocr_line' id='line_1_4' title="bbox 268 1087 1589 1185; baseline 0.003 -27"><span class='ocrx_word' id='word_1_21' title='bbox 268 1089 464 1185; x_wconf 82' lang='lat' dir='ltr'>Diogenem</span> <span class='ocrx_word' id='word_1_22' title='bbox 489 1090 670 1162; x_wconf 88' lang='lat' dir='ltr'>Laertium</span> <span class='ocrx_word' id='word_1_23' title='bbox 696 1103 731 1159; x_wconf 91' lang='lat' dir='ltr'>et</span> <span class='ocrx_word' id='word_1_24' title='bbox 756 1093 994 1183; x_wconf 77' lang='lat' dir='ltr'>Anonymum,</span> <span class='ocrx_word' id='word_1_25' title='bbox 1023 1087 1201 1160; x_wconf 87' lang='lat' dir='ltr'>indicatus</span> <span class='ocrx_word' id='word_1_26' title='bbox 1223 1105 1310 1161; x_wconf 89' lang='lat' dir='ltr'>erat.</span> <span class='ocrx_word' id='word_1_27' title='bbox 1333 1090 1440 1177; x_wconf 85' lang='lat' dir='ltr'>Quod</span> <span class='ocrx_word' id='word_1_28' title='bbox 1470 1107 1589 1162; x_wconf 86' lang='lat' dir='ltr'>tamen</span> 
     </span>
     <span class='ocr_line' id='line_1_5' title="bbox 268 1211 1588 1308; baseline 0.003 -28"><span class='ocrx_word' id='word_1_29' title='bbox 268 1211 366 1284; x_wconf 92' lang='lat' dir='ltr'>haud</span> <span class='ocrx_word' id='word_1_30' title='bbox 379 1212 427 1284; x_wconf 90' lang='lat' dir='ltr'>ita</span> <span class='ocrx_word' id='word_1_31' title='bbox 441 1212 578 1284; x_wconf 89' lang='lat' dir='ltr'>dietum</span> <span class='ocrx_word' id='word_1_32' title='bbox 587 1211 707 1298; x_wconf 76' lang='lat' dir='ltr'>velim,</span> <span class='ocrx_word' id='word_1_33' title='bbox 719 1235 760 1282; x_wconf 92' lang='lat' dir='ltr'>ac</span> <span class='ocrx_word' id='word_1_34' title='bbox 772 1213 801 1282; x_wconf 92' lang='lat' dir='ltr'>si</span> <span class='ocrx_word' id='word_1_35' title='bbox 811 1211 908 1283; x_wconf 88' lang='lat' dir='ltr'>hune</span> <span class='ocrx_word' id='word_1_36' title='bbox 923 1212 1242 1308; x_wconf 86' lang='lat' dir='ltr'>ipsumnutuerum</span> <span class='ocrx_word' id='word_1_37' title='bbox 1255 1213 1349 1284; x_wconf 89' lang='lat' dir='ltr'>mille</span> <span class='ocrx_word' id='word_1_38' title='bbox 1364 1214 1588 1286; x_wconf 88' lang='lat' dir='ltr'>voluminum</span> 
     </span>
     <span class='ocr_line' id='line_1_6' title="bbox 266 1333 1590 1431; baseline 0.002 -27"><span class='ocrx_word' id='word_1_39' title='bbox 266 1357 334 1430; x_wconf 87' lang='lat' dir='ltr'>pro</span> <span class='ocrx_word' id='word_1_40' title='bbox 353 1357 439 1406; x_wconf 88' lang='lat' dir='ltr'>vero</span> <span class='ocrx_word' id='word_1_41' title='bbox 458 1349 566 1431; x_wconf 88' lang='lat' dir='ltr'>atque</span> <span class='ocrx_word' id='word_1_42' title='bbox 580 1338 720 1406; x_wconf 90' lang='lat' dir='ltr'>sincero</span> <span class='ocrx_word' id='word_1_43' title='bbox 738 1333 985 1430; x_wconf 87' lang='lat' dir='ltr'>accipiendum</span> <span class='ocrx_word' id='word_1_44' title='bbox 1015 1358 1092 1405; x_wconf 90' lang='lat' dir='ltr'>esse</span> <span class='ocrx_word' id='word_1_45' title='bbox 1112 1359 1289 1407; x_wconf 81' lang='lat' dir='ltr'><strong>censeam.</strong></span> <span class='ocrx_word' id='word_1_46' title='bbox 1314 1341 1413 1422; x_wconf 87' lang='lat' dir='ltr'>Quot</span> <span class='ocrx_word' id='word_1_47' title='bbox 1431 1335 1513 1406; x_wconf 84' lang='lat' dir='ltr'>libri</span> <span class='ocrx_word' id='word_1_48' title='bbox 1535 1361 1590 1407; x_wconf 89' lang='lat' dir='ltr'>re·</span> 
     </span>
     <span class='ocr_line' id='line_1_7' title="bbox 266 1457 1590 1556; baseline 0.002 -28"><span class='ocrx_word' id='word_1_49' title='bbox 266 1483 347 1529; x_wconf 85' lang='lat' dir='ltr'>vera</span> <span class='ocrx_word' id='word_1_50' title='bbox 363 1457 410 1530; x_wconf 86' lang='lat' dir='ltr'>ab</span> <span class='ocrx_word' id='word_1_51' title='bbox 429 1460 616 1532; x_wconf 67' lang='lat' dir='ltr'>Aristotele</span> <span class='ocrx_word' id='word_1_52' title='bbox 632 1460 826 1556; x_wconf 88' lang='lat' dir='ltr'>conscripti</span> <span class='ocrx_word' id='word_1_53' title='bbox 849 1459 920 1530; x_wconf 91' lang='lat' dir='ltr'>sint</span> <span class='ocrx_word' id='word_1_54' title='bbox 939 1461 1105 1552; x_wconf 86' lang='lat' dir='ltr'>ignorare</span> <span class='ocrx_word' id='word_1_55' title='bbox 1130 1483 1188 1530; x_wconf 90' lang='lat' dir='ltr'>me</span> <span class='ocrx_word' id='word_1_56' title='bbox 1203 1458 1306 1530; x_wconf 81' lang='lat' dir='ltr'>tacite</span> <span class='ocrx_word' id='word_1_57' title='bbox 1327 1460 1462 1554; x_wconf 84' lang='lat' dir='ltr'>patior,</span> <span class='ocrx_word' id='word_1_58' title='bbox 1482 1459 1590 1531; x_wconf 91' lang='lat' dir='ltr'>dnm-</span> 
     </span>
     <span class='ocr_line' id='line_1_8' title="bbox 268 1580 1587 1678; baseline 0.002 -29"><span class='ocrx_word' id='word_1_59' title='bbox 268 1581 378 1654; x_wconf 82' lang='lat' dir='ltr'>modo</span> <span class='ocrx_word' id='word_1_60' title='bbox 390 1581 462 1654; x_wconf 93' lang='lat' dir='ltr'>hoc</span> <span class='ocrx_word' id='word_1_61' title='bbox 476 1607 591 1654; x_wconf 92' lang='lat' dir='ltr'>unum</span> <span class='ocrx_word' id='word_1_62' title='bbox 606 1581 829 1654; x_wconf 79' lang='lat' dir='ltr'>concedatur</span> <span class='ocrx_word' id='word_1_63' title='bbox 842 1582 878 1652; x_wconf 93' lang='lat' dir='ltr'>in</span> <span class='ocrx_word' id='word_1_64' title='bbox 892 1580 1010 1652; x_wconf 91' lang='lat' dir='ltr'>indice</span> <span class='ocrx_word' id='word_1_65' title='bbox 1020 1583 1187 1676; x_wconf 85' lang='lat' dir='ltr'><strong>Diogenis</strong></span> <span class='ocrx_word' id='word_1_66' title='bbox 1204 1581 1333 1653; x_wconf 82' lang='lat' dir='ltr'>Laertii</span> <span class='ocrx_word' id='word_1_67' title='bbox 1344 1597 1382 1653; x_wconf 92' lang='lat' dir='ltr'>et</span> <span class='ocrx_word' id='word_1_68' title='bbox 1398 1586 1587 1678; x_wconf 78' lang='lat' dir='ltr'>Anonymi,</span> 
     </span>
     <span class='ocr_line' id='line_1_9' title="bbox 265 1690 1589 1803; baseline 0.002 -28"><span class='ocrx_word' id='word_1_69' title='bbox 265 1704 369 1800; x_wconf 88' lang='lat' dir='ltr'>cujus</span> <span class='ocrx_word' id='word_1_70' title='bbox 388 1704 568 1778; x_wconf 90' lang='lat' dir='ltr'>librorum</span> <span class='ocrx_word' id='word_1_71' title='bbox 587 1730 726 1777; x_wconf 89' lang='lat' dir='ltr'>summa</span> <span class='ocrx_word' id='word_1_72' title='bbox 745 1690 907 1803; x_wconf 81' lang='lat' dir='ltr'>proitime</span> <span class='ocrx_word' id='word_1_73' title='bbox 929 1703 976 1775; x_wconf 92' lang='lat' dir='ltr'>ad</span> <span class='ocrx_word' id='word_1_74' title='bbox 995 1729 1185 1776; x_wconf 88' lang='lat' dir='ltr'>numerum</span> <span class='ocrx_word' id='word_1_75' title='bbox 1212 1730 1321 1802; x_wconf 91' lang='lat' dir='ltr'>quem</span> <span class='ocrx_word' id='word_1_76' title='bbox 1344 1707 1413 1802; x_wconf 90' lang='lat' dir='ltr'>ipsi</span> <span class='ocrx_word' id='word_1_77' title='bbox 1431 1705 1589 1777; x_wconf 77' lang='lat' dir='ltr'>indicam</span> 
     </span>
     <span class='ocr_line' id='line_1_10' title="bbox 265 1829 1587 1926; baseline 0.005 -28"><span class='ocrx_word' id='word_1_78' title='bbox 265 1830 415 1914; x_wconf 81' lang='lat' dir='ltr'>accedit,</span> <span class='ocrx_word' id='word_1_79' title='bbox 436 1829 782 1926; x_wconf 83' lang='lat' dir='ltr'>quadringentorum</span> <span class='ocrx_word' id='word_1_80' title='bbox 803 1829 936 1901; x_wconf 90' lang='lat' dir='ltr'>scilicet</span> <span class='ocrx_word' id='word_1_81' title='bbox 958 1830 1197 1918; x_wconf 76' lang='lat' dir='ltr'>voluminum,</span> <span class='ocrx_word' id='word_1_82' title='bbox 1216 1853 1447 1925; x_wconf 90' lang='lat' dir='ltr'>nequaquam</span> <span class='ocrx_word' id='word_1_83' title='bbox 1466 1831 1587 1904; x_wconf 86' lang='lat' dir='ltr'>omuia</span> 
     </span>
     <span class='ocr_line' id='line_1_11' title="bbox 266 1950 826 2050; baseline 0.004 -30"><span class='ocrx_word' id='word_1_84' title='bbox 266 1950 475 2050; x_wconf 85' lang='lat' dir='ltr'>philosophi</span> <span class='ocrx_word' id='word_1_85' title='bbox 488 1953 619 2050; x_wconf 87' lang='lat' dir='ltr'>scripta</span> <span class='ocrx_word' id='word_1_86' title='bbox 638 1953 826 2023; x_wconf 77' lang='lat' dir='ltr'>contineri.</span> 
     </span>
    </p>

    <p class='ocr_par' dir='ltr' id='par_1_4' title="bbox 261 2063 1676 3401">
     <span class='ocr_line' id='line_1_12' title="bbox 314 2063 1587 2174; baseline 0 -28"><span class='ocrx_word' id='word_1_87' title='bbox 314 2075 388 2146; x_wconf 78' lang='lat' dir='ltr'>atta</span> <span class='ocrx_word' id='word_1_88' title='bbox 404 2089 459 2147; x_wconf 88' lang='lat' dir='ltr'>est</span> <span class='ocrx_word' id='word_1_89' title='bbox 472 2075 624 2172; x_wconf 80' lang='lat' dir='ltr'>quaestio</span> <span class='ocrx_word' id='word_1_90' title='bbox 646 2063 728 2145; x_wconf 85' lang='lat' dir='ltr'>cuin</span> <span class='ocrx_word' id='word_1_91' title='bbox 744 2074 812 2146; x_wconf 89' lang='lat' dir='ltr'>hac</span> <span class='ocrx_word' id='word_1_92' title='bbox 833 2076 1029 2162; x_wconf 68' lang='lat' dir='ltr'>arctissime</span> <span class='ocrx_word' id='word_1_93' title='bbox 1043 2075 1237 2169; x_wconf 88' lang='lat' dir='ltr'>conjuncta</span> <span class='ocrx_word' id='word_1_94' title='bbox 1254 2100 1318 2146; x_wconf 89' lang='lat' dir='ltr'>nec</span> <span class='ocrx_word' id='word_1_95' title='bbox 1342 2079 1460 2146; x_wconf 92' lang='lat' dir='ltr'>minus</span> <span class='ocrx_word' id='word_1_96' title='bbox 1474 2079 1587 2174; x_wconf 88' lang='lat' dir='ltr'>impe-</span> 
     </span>
     <span class='ocr_line' id='line_1_13' title="bbox 263 2195 1587 2294; baseline 0.002 -28"><span class='ocrx_word' id='word_1_97' title='bbox 263 2195 351 2267; x_wconf 90' lang='lat' dir='ltr'>dita.</span> <span class='ocrx_word' id='word_1_98' title='bbox 381 2197 470 2284; x_wconf 91' lang='lat' dir='ltr'>Quis</span> <span class='ocrx_word' id='word_1_99' title='bbox 499 2198 595 2268; x_wconf 91' lang='lat' dir='ltr'>enim</span> <span class='ocrx_word' id='word_1_100' title='bbox 627 2211 747 2294; x_wconf 87' lang='lat' dir='ltr'>speret</span> <span class='ocrx_word' id='word_1_101' title='bbox 775 2221 813 2268; x_wconf 84' lang='lat' dir='ltr'>se</span> <span class='ocrx_word' id='word_1_102' title='bbox 840 2197 924 2268; x_wconf 90' lang='lat' dir='ltr'>satis</span> <span class='ocrx_word' id='word_1_103' title='bbox 948 2197 1189 2294; x_wconf 86' lang='lat' dir='ltr'>perspicacem</span> <span class='ocrx_word' id='word_1_104' title='bbox 1214 2197 1313 2283; x_wconf 79' lang='lat' dir='ltr'>sore,</span> <span class='ocrx_word' id='word_1_105' title='bbox 1349 2212 1389 2268; x_wconf 88' lang='lat' dir='ltr'>ut</span> <span class='ocrx_word' id='word_1_106' title='bbox 1419 2222 1587 2291; x_wconf 83' lang='lat' dir='ltr'>germana</span> 
     </span>
     <span class='ocr_line' id='line_1_14' title="bbox 263 2302 1588 2419; baseline 0.002 -30"><span class='ocrx_word' id='word_1_107' title='bbox 263 2334 300 2392; x_wconf 89' lang='lat' dir='ltr'>et</span> <span class='ocrx_word' id='word_1_108' title='bbox 321 2321 548 2419; x_wconf 86' lang='lat' dir='ltr'>supposititia</span> <span class='ocrx_word' id='word_1_109' title='bbox 569 2320 766 2391; x_wconf 84' lang='lat' dir='ltr'>Aristotelis</span> <span class='ocrx_word' id='word_1_110' title='bbox 783 2320 928 2418; x_wconf 83' lang='lat' dir='ltr'>scripta,</span> <span class='ocrx_word' id='word_1_111' title='bbox 951 2319 1071 2415; x_wconf 89' lang='lat' dir='ltr'>qualia</span> <span class='ocrx_word' id='word_1_112' title='bbox 1088 2302 1161 2414; x_wconf 86' lang='lat' dir='ltr'>jam</span> <span class='ocrx_word' id='word_1_113' title='bbox 1188 2321 1225 2390; x_wconf 93' lang='lat' dir='ltr'>in</span> <span class='ocrx_word' id='word_1_114' title='bbox 1244 2322 1458 2416; x_wconf 80' lang='lat' dir='ltr'>antiquitate</span> <span class='ocrx_word' id='word_1_115' title='bbox 1477 2322 1588 2394; x_wconf 89' lang='lat' dir='ltr'>multa</span> 
     </span>
     <span class='ocr_line' id='line_1_15' title="bbox 261 2441 1587 2541; baseline 0.002 -28"><span class='ocrx_word' id='word_1_116' title='bbox 261 2443 372 2515; x_wconf 51' lang='lat' dir='ltr'>¹luisse</span> <span class='ocrx_word' id='word_1_117' title='bbox 394 2467 462 2541; x_wconf 92' lang='lat' dir='ltr'>pro</span> <span class='ocrx_word' id='word_1_118' title='bbox 485 2443 585 2516; x_wconf 86' lang='lat' dir='ltr'>cerio</span> <span class='ocrx_word' id='word_1_119' title='bbox 610 2441 742 2532; x_wconf 88' lang='lat' dir='ltr'>habeo,</span> <span class='ocrx_word' id='word_1_120' title='bbox 766 2441 970 2515; x_wconf 88' lang='lat' dir='ltr'>discernere</span> <span class='ocrx_word' id='word_1_121' title='bbox 1002 2444 1118 2514; x_wconf 84' lang='lat' dir='ltr'>valeat</span> <span class='ocrx_word' id='word_1_122' title='bbox 1143 2472 1152 2512; x_wconf 76' lang='lat' dir='ltr'><em>z</em></span> <span class='ocrx_word' id='word_1_123' title='bbox 1176 2445 1245 2514; x_wconf 90' lang='lat' dir='ltr'>nisi</span> <span class='ocrx_word' id='word_1_124' title='bbox 1272 2447 1299 2514; x_wconf 91' lang='lat' dir='ltr'>si</span> <span class='ocrx_word' id='word_1_125' title='bbox 1326 2446 1410 2540; x_wconf 79' lang='lat' dir='ltr'>&#39;quis</span> <span class='ocrx_word' id='word_1_126' title='bbox 1437 2445 1587 2517; x_wconf 81' lang='lat' dir='ltr'>fortasse</span> 
     </span>
     <span class='ocr_line' id='line_1_16' title="bbox 263 2565 1587 2665; baseline 0.002 -27"><span class='ocrx_word' id='word_1_127' title='bbox 263 2566 450 2640; x_wconf 89' lang='lat' dir='ltr'>ariolando</span> <span class='ocrx_word' id='word_1_128' title='bbox 470 2566 634 2664; x_wconf 85' lang='lat' dir='ltr'>gaudeat,</span> <span class='ocrx_word' id='word_1_129' title='bbox 659 2580 733 2654; x_wconf 91' lang='lat' dir='ltr'>aut,</span> <span class='ocrx_word' id='word_1_130' title='bbox 757 2565 982 2664; x_wconf 83' lang='lat' dir='ltr'>desperando</span> <span class='ocrx_word' id='word_1_131' title='bbox 1003 2591 1079 2638; x_wconf 90' lang='lat' dir='ltr'>rem</span> <span class='ocrx_word' id='word_1_132' title='bbox 1103 2566 1207 2638; x_wconf 87' lang='lat' dir='ltr'>aliter</span> <span class='ocrx_word' id='word_1_133' title='bbox 1236 2567 1381 2640; x_wconf 88' lang='lat' dir='ltr'>decerni</span> <span class='ocrx_word' id='word_1_134' title='bbox 1411 2593 1527 2665; x_wconf 83' lang='lat' dir='ltr'>posse,</span> <span class='ocrx_word' id='word_1_135' title='bbox 1551 2571 1587 2640; x_wconf 91' lang='lat' dir='ltr'>in</span> 
     </span>
     <span class='ocr_line' id='line_1_17' title="bbox 262 2688 1588 2786; baseline 0.002 -24"><span class='ocrx_word' id='word_1_136' title='bbox 262 2705 457 2763; x_wconf 85' lang='lat' dir='ltr'>extremam</span> <span class='ocrx_word' id='word_1_137' title='bbox 473 2689 668 2786; x_wconf 89' lang='lat' dir='ltr'>quamdam</span> <span class='ocrx_word' id='word_1_138' title='bbox 687 2690 897 2763; x_wconf 88' lang='lat' dir='ltr'>sententiam</span> <span class='ocrx_word' id='word_1_139' title='bbox 918 2688 1038 2776; x_wconf 84' lang='lat' dir='ltr'>abeat,</span> <span class='ocrx_word' id='word_1_140' title='bbox 1063 2691 1185 2762; x_wconf 88' lang='lat' dir='ltr'>omnia</span> <span class='ocrx_word' id='word_1_141' title='bbox 1201 2694 1275 2762; x_wconf 85' lang='lat' dir='ltr'>sive</span> <span class='ocrx_word' id='word_1_142' title='bbox 1293 2690 1393 2779; x_wconf 81' lang='lat' dir='ltr'>falsa,</span> <span class='ocrx_word' id='word_1_143' title='bbox 1414 2692 1489 2764; x_wconf 85' lang='lat' dir='ltr'>sive</span> <span class='ocrx_word' id='word_1_144' title='bbox 1506 2717 1588 2764; x_wconf 86' lang='lat' dir='ltr'>vera</span> 
     </span>
     <span class='ocr_line' id='line_1_18' title="bbox 264 2811 1589 2909; baseline 0.002 -25"><span class='ocrx_word' id='word_1_145' title='bbox 264 2828 301 2884; x_wconf 90' lang='lat' dir='ltr'>et</span> <span class='ocrx_word' id='word_1_146' title='bbox 316 2813 472 2909; x_wconf 83' lang='lat' dir='ltr'>genuina</span> <span class='ocrx_word' id='word_1_147' title='bbox 486 2813 682 2909; x_wconf 83' lang='lat' dir='ltr'>reputans?</span> <span class='ocrx_word' id='word_1_148' title='bbox 698 2817 821 2909; x_wconf 85' lang='lat' dir='ltr'>Neque</span> <span class='ocrx_word' id='word_1_149' title='bbox 839 2811 956 2883; x_wconf 92' lang='lat' dir='ltr'>solum</span> <span class='ocrx_word' id='word_1_150' title='bbox 974 2812 1108 2909; x_wconf 90' lang='lat' dir='ltr'>loquor</span> <span class='ocrx_word' id='word_1_151' title='bbox 1120 2813 1166 2886; x_wconf 90' lang='lat' dir='ltr'>de</span> <span class='ocrx_word' id='word_1_152' title='bbox 1185 2811 1286 2884; x_wconf 85' lang='lat' dir='ltr'>libris</span> <span class='ocrx_word' id='word_1_153' title='bbox 1301 2839 1458 2909; x_wconf 86' lang='lat' dir='ltr'>qnorum</span> <span class='ocrx_word' id='word_1_154' title='bbox 1471 2814 1589 2886; x_wconf 89' lang='lat' dir='ltr'>nudos</span> 
     </span>
     <span class='ocr_line' id='line_1_19' title="bbox 264 2933 1588 3033; baseline 0.001 -27"><span class='ocrx_word' id='word_1_155' title='bbox 264 2934 518 3007; x_wconf 89' lang='lat' dir='ltr'>tantummodo</span> <span class='ocrx_word' id='word_1_156' title='bbox 530 2933 655 3006; x_wconf 87' lang='lat' dir='ltr'>titulos</span> <span class='ocrx_word' id='word_1_157' title='bbox 672 2935 709 3006; x_wconf 92' lang='lat' dir='ltr'>in</span> <span class='ocrx_word' id='word_1_158' title='bbox 721 2933 903 3024; x_wconf 86' lang='lat' dir='ltr'>¹indicibus</span> <span class='ocrx_word' id='word_1_159' title='bbox 918 2938 1055 3033; x_wconf 88' lang='lat' dir='ltr'>positos</span> <span class='ocrx_word' id='word_1_160' title='bbox 1070 2934 1259 3022; x_wconf 82' lang='lat' dir='ltr'>habemus,</span> <span class='ocrx_word' id='word_1_161' title='bbox 1280 2935 1460 3008; x_wconf 87' lang='lat' dir='ltr'>sedetiam</span> <span class='ocrx_word' id='word_1_162' title='bbox 1473 2961 1588 3032; x_wconf 88' lang='lat' dir='ltr'>quum</span> 
     </span>
     <span class='ocr_line' id='line_1_20' title="bbox 263 3057 1589 3158; baseline -0.001 -28"><span class='ocrx_word' id='word_1_163' title='bbox 263 3057 309 3129; x_wconf 92' lang='lat' dir='ltr'>de</span> <span class='ocrx_word' id='word_1_164' title='bbox 325 3059 369 3130; x_wconf 92' lang='lat' dir='ltr'>iis</span> <span class='ocrx_word' id='word_1_165' title='bbox 380 3059 521 3158; x_wconf 90' lang='lat' dir='ltr'>scriptis</span> <span class='ocrx_word' id='word_1_166' title='bbox 538 3057 748 3156; x_wconf 89' lang='lat' dir='ltr'>philosophi</span> <span class='ocrx_word' id='word_1_167' title='bbox 767 3059 884 3153; x_wconf 84' lang='lat' dir='ltr'>agitur</span> <span class='ocrx_word' id='word_1_168' title='bbox 905 3082 984 3156; x_wconf 87' lang='lat' dir='ltr'>quae</span> <span class='ocrx_word' id='word_1_169' title='bbox 1001 3074 1038 3130; x_wconf 88' lang='lat' dir='ltr'>et</span> <span class='ocrx_word' id='word_1_170' title='bbox 1061 3057 1333 3143; x_wconf 21' lang='lat' dir='ltr'>aliundeqnobis</span> <span class='ocrx_word' id='word_1_171' title='bbox 1354 3058 1589 3130; x_wconf 88' lang='lat' dir='ltr'>innotuerunt</span> 
     </span>
     <span class='ocr_line' id='line_1_21' title="bbox 263 3179 1589 3278; baseline -0.002 -25"><span class='ocrx_word' id='word_1_172' title='bbox 263 3206 336 3253; x_wconf 91' lang='lat' dir='ltr'>non</span> <span class='ocrx_word' id='word_1_173' title='bbox 355 3179 473 3253; x_wconf 93' lang='lat' dir='ltr'>minus</span> <span class='ocrx_word' id='word_1_174' title='bbox 485 3182 608 3278; x_wconf 87' lang='lat' dir='ltr'>iniqua</span> <span class='ocrx_word' id='word_1_175' title='bbox 622 3196 675 3253; x_wconf 90' lang='lat' dir='ltr'>est</span> <span class='ocrx_word' id='word_1_176' title='bbox 692 3197 813 3254; x_wconf 87' lang='lat' dir='ltr'>nostra</span> <span class='ocrx_word' id='word_1_177' title='bbox 834 3183 1008 3254; x_wconf 75' lang='lat' dir='ltr'>conditio</span> <span class='ocrx_word' id='word_1_178' title='bbox 1030 3183 1169 3253; x_wconf 88' lang='lat' dir='ltr'>Etenim</span> <span class='ocrx_word' id='word_1_179' title='bbox 1188 3181 1235 3252; x_wconf 89' lang='lat' dir='ltr'>ad</span> <span class='ocrx_word' id='word_1_180' title='bbox 1250 3206 1362 3253; x_wconf 92' lang='lat' dir='ltr'>unum</span> <span class='ocrx_word' id='word_1_181' title='bbox 1379 3182 1452 3252; x_wconf 80' lang='lat' dir='ltr'>fere</span> <span class='ocrx_word' id='word_1_182' title='bbox 1465 3204 1589 3254; x_wconf 89' lang='lat' dir='ltr'>omncs</span> 
     </span>
     <span class='ocr_line' id='line_1_22' title="bbox 263 3289 1676 3401; baseline 0.001 -29"><span class='ocrx_word' id='word_1_183' title='bbox 263 3304 325 3400; x_wconf 92' lang='lat' dir='ltr'>qui</span> <span class='ocrx_word' id='word_1_184' title='bbox 343 3303 571 3401; x_wconf 89' lang='lat' dir='ltr'>deperditum</span> <span class='ocrx_word' id='word_1_185' title='bbox 587 3304 782 3401; x_wconf 90' lang='lat' dir='ltr'>quemdam</span> <span class='ocrx_word' id='word_1_186' title='bbox 796 3304 994 3376; x_wconf 82' lang='lat' dir='ltr'>Aristotelis</span> <span class='ocrx_word' id='word_1_187' title='bbox 1007 3302 1143 3375; x_wconf 91' lang='lat' dir='ltr'>librum</span> <span class='ocrx_word' id='word_1_188' title='bbox 1157 3303 1320 3392; x_wconf 85' lang='lat' dir='ltr'>laudant,</span> <span class='ocrx_word' id='word_1_189' title='bbox 1343 3303 1432 3375; x_wconf 90' lang='lat' dir='ltr'>nihil</span> <span class='ocrx_word' id='word_1_190' title='bbox 1449 3304 1495 3376; x_wconf 91' lang='lat' dir='ltr'>de</span> <span class='ocrx_word' id='word_1_191' title='bbox 1512 3305 1589 3399; x_wconf 82' lang='lat' dir='ltr'>ejus</span> <span class='ocrx_word' id='word_1_192' title='bbox 1673 3289 1676 3297; x_wconf 60' lang='grc'><strong><em>’</em></strong></span> 
     </span>
    </p>
   </div>
   <div class='ocr_carea' id='block_1_4' title="bbox 262 3425 1692 3525">
    <p class='ocr_par' dir='ltr' id='par_1_5' title="bbox 262 3425 1692 3525">
     <span class='ocr_line' id='line_1_23' title="bbox 262 3425 1692 3525; baseline 0.003 -31"><span class='ocrx_word' id='word_1_193' title='bbox 262 3441 473 3520; x_wconf 86' lang='lat' dir='ltr'>argumento</span> <span class='ocrx_word' id='word_1_194' title='bbox 487 3425 673 3498; x_wconf 88' lang='lat' dir='ltr'>ambituve</span> <span class='ocrx_word' id='word_1_195' title='bbox 691 3426 844 3515; x_wconf 87' lang='lat' dir='ltr'>addunt,</span> <span class='ocrx_word' id='word_1_196' title='bbox 865 3452 983 3524; x_wconf 89' lang='lat' dir='ltr'>neque</span> <span class='ocrx_word' id='word_1_197' title='bbox 1001 3427 1160 3500; x_wconf 90' lang='lat' dir='ltr'>indicare</span> <span class='ocrx_word' id='word_1_198' title='bbox 1173 3442 1342 3525; x_wconf 64' lang='lat' dir='ltr'>praeterea</span> <span class='ocrx_word' id='word_1_199' title='bbox 1358 3442 1486 3498; x_wconf 90' lang='lat' dir='ltr'>curant</span> <span class='ocrx_word' id='word_1_200' title='bbox 1499 3452 1589 3522; x_wconf 86' lang='lat' dir='ltr'>quo·</span> <span class='ocrx_word' id='word_1_201' title='bbox 1688 3485 1692 3490; x_wconf 87' lang='lat'>.</span> 
     </span>
    </p>
   </div>
   <div class='ocr_carea' id='block_1_5' title="bbox 174 3549 1589 4864">
    <p class='ocr_par' dir='ltr' id='par_1_6' title="bbox 174 3549 1589 4264">
     <span class='ocr_line' id='line_1_24' title="bbox 262 3549 1587 3648; baseline 0 -28"><span class='ocrx_word' id='word_1_202' title='bbox 262 3574 346 3620; x_wconf 91' lang='lat' dir='ltr'>nam</span> <span class='ocrx_word' id='word_1_203' title='bbox 369 3549 452 3644; x_wconf 85' lang='lat' dir='ltr'>jure</span> <span class='ocrx_word' id='word_1_204' title='bbox 469 3550 689 3648; x_wconf 92' lang='lat' dir='ltr'>philosopho</span> <span class='ocrx_word' id='word_1_205' title='bbox 711 3549 914 3648; x_wconf 89' lang='lat' dir='ltr'>adscriptus</span> <span class='ocrx_word' id='word_1_206' title='bbox 932 3552 989 3622; x_wconf 91' lang='lat' dir='ltr'>sit.</span> <span class='ocrx_word' id='word_1_207' title='bbox 1014 3557 1115 3624; x_wconf 89' lang='lat' dir='ltr'>Hanc</span> <span class='ocrx_word' id='word_1_208' title='bbox 1135 3551 1241 3646; x_wconf 81' lang='lat' dir='ltr'>igitur</span> <span class='ocrx_word' id='word_1_209' title='bbox 1259 3550 1492 3645; x_wconf 79' lang='lat' dir='ltr'>quaestionem</span> <span class='ocrx_word' id='word_1_210' title='bbox 1512 3551 1587 3646; x_wconf 88' lang='lat' dir='ltr'>ple-</span> 
     </span>
     <span class='ocr_line' id='line_1_25' title="bbox 262 3657 1588 3772; baseline -0.001 -29"><span class='ocrx_word' id='word_1_211' title='bbox 262 3657 417 3770; x_wconf 89' lang='lat' dir='ltr'>rumque</span> <span class='ocrx_word' id='word_1_212' title='bbox 427 3659 473 3745; x_wconf 83' lang='lat' dir='ltr'>ne</span> <span class='ocrx_word' id='word_1_213' title='bbox 482 3673 724 3770; x_wconf 83' lang='lat' dir='ltr'>attingendam</span> <span class='ocrx_word' id='word_1_214' title='bbox 736 3673 883 3771; x_wconf 89' lang='lat' dir='ltr'>quidem</span> <span class='ocrx_word' id='word_1_215' title='bbox 895 3675 1034 3772; x_wconf 87' lang='lat' dir='ltr'>putavi.</span> <span class='ocrx_word' id='word_1_216' title='bbox 1047 3672 1234 3769; x_wconf 88' lang='lat' dir='ltr'>Quidquid</span> <span class='ocrx_word' id='word_1_217' title='bbox 1244 3671 1313 3743; x_wconf 92' lang='lat' dir='ltr'>sub</span> <span class='ocrx_word' id='word_1_218' title='bbox 1323 3673 1517 3744; x_wconf 76' lang='lat' dir='ltr'>Aristotelis</span> <span class='ocrx_word' id='word_1_219' title='bbox 1526 3698 1588 3742; x_wconf 92' lang='lat' dir='ltr'>no·</span> 
     </span>
     <span class='ocr_line' id='line_1_26' title="bbox 262 3795 1589 3892; baseline -0.003 -26"><span class='ocrx_word' id='word_1_220' title='bbox 262 3797 358 3866; x_wconf 92' lang='lat' dir='ltr'>mine</span> <span class='ocrx_word' id='word_1_221' title='bbox 384 3820 427 3867; x_wconf 81' lang='lat' dir='ltr'>ex</span> <span class='ocrx_word' id='word_1_222' title='bbox 446 3798 661 3892; x_wconf 86' lang='lat' dir='ltr'>antiquitate</span> <span class='ocrx_word' id='word_1_223' title='bbox 680 3812 862 3868; x_wconf 84' lang='lat' dir='ltr'>servatum</span> <span class='ocrx_word' id='word_1_224' title='bbox 876 3812 941 3884; x_wconf 88' lang='lat' dir='ltr'>est,</span> <span class='ocrx_word' id='word_1_225' title='bbox 961 3795 1029 3867; x_wconf 88' lang='lat' dir='ltr'>sub</span> <span class='ocrx_word' id='word_1_226' title='bbox 1053 3819 1126 3866; x_wconf 91' lang='lat' dir='ltr'>uno</span> <span class='ocrx_word' id='word_1_227' title='bbox 1145 3795 1347 3890; x_wconf 89' lang='lat' dir='ltr'>eodemque</span> <span class='ocrx_word' id='word_1_228' title='bbox 1375 3795 1482 3867; x_wconf 91' lang='lat' dir='ltr'>titulo</span> <span class='ocrx_word' id='word_1_229' title='bbox 1511 3795 1589 3887; x_wconf 84' lang='lat' dir='ltr'>ejus</span> 
     </span>
     <span class='ocr_line' id='line_1_27' title="bbox 174 3917 1588 4022; baseline -0.002 -35"><span class='ocrx_word' id='word_1_230' title='bbox 174 4015 177 4022; x_wconf 68' lang='lat'>,</span> <span class='ocrx_word' id='word_1_231' title='bbox 262 3918 546 4014; x_wconf 81' lang='lat' dir='ltr'>fragmentorum</span> <span class='ocrx_word' id='word_1_232' title='bbox 565 3920 758 4016; x_wconf 87' lang='lat' dir='ltr'>complecti</span> <span class='ocrx_word' id='word_1_233' title='bbox 778 3920 988 4006; x_wconf 79' lang='lat' dir='ltr'>maluimus,</span> <span class='ocrx_word' id='word_1_234' title='bbox 1014 3920 1204 4014; x_wconf 80' lang='lat' dir='ltr'>segregatis</span> <span class='ocrx_word' id='word_1_235' title='bbox 1226 3917 1477 3988; x_wconf 88' lang='lat' dir='ltr'>tantummodo</span> <span class='ocrx_word' id='word_1_236' title='bbox 1500 3940 1588 3985; x_wconf 90' lang='lat' dir='ltr'>non·</span> 
     </span>
     <span class='ocr_line' id='line_1_28' title="bbox 261 4040 1587 4140; baseline -0.003 -28"><span class='ocrx_word' id='word_1_237' title='bbox 261 4042 369 4114; x_wconf 91' lang='lat' dir='ltr'>nullis</span> <span class='ocrx_word' id='word_1_238' title='bbox 383 4067 466 4138; x_wconf 78' lang='lat' dir='ltr'>quae</span> <span class='ocrx_word' id='word_1_239' title='bbox 484 4044 573 4140; x_wconf 91' lang='lat' dir='ltr'>quin</span> <span class='ocrx_word' id='word_1_240' title='bbox 585 4067 708 4116; x_wconf 87' lang='lat' dir='ltr'>errore</span> <span class='ocrx_word' id='word_1_241' title='bbox 725 4044 799 4114; x_wconf 85' lang='lat' dir='ltr'>sive</span> <span class='ocrx_word' id='word_1_242' title='bbox 811 4043 923 4114; x_wconf 91' lang='lat' dir='ltr'>etiam</span> <span class='ocrx_word' id='word_1_243' title='bbox 939 4058 1063 4138; x_wconf 86' lang='lat' dir='ltr'>aperta</span> <span class='ocrx_word' id='word_1_244' title='bbox 1075 4042 1200 4113; x_wconf 79' lang='lat' dir='ltr'>fraude</span> <span class='ocrx_word' id='word_1_245' title='bbox 1213 4040 1389 4112; x_wconf 82' lang='lat' dir='ltr'>Aristoteli</span> <span class='ocrx_word' id='word_1_246' title='bbox 1403 4040 1587 4136; x_wconf 89' lang='lat' dir='ltr'>supposita</span> 
     </span>
     <span class='ocr_line' id='line_1_29' title="bbox 261 4165 1025 4264; baseline -0.005 -24"><span class='ocrx_word' id='word_1_247' title='bbox 261 4165 332 4240; x_wconf 86' lang='lat' dir='ltr'>sint</span> <span class='ocrx_word' id='word_1_248' title='bbox 348 4167 529 4238; x_wconf 88' lang='lat' dir='ltr'>neminem</span> <span class='ocrx_word' id='word_1_249' title='bbox 544 4165 795 4238; x_wconf 88' lang='lat' dir='ltr'>dubitaturum</span> <span class='ocrx_word' id='word_1_250' title='bbox 814 4167 890 4238; x_wconf 86' lang='lat' dir='ltr'>sore</span> <span class='ocrx_word' id='word_1_251' title='bbox 906 4191 1025 4264; x_wconf 78' lang='lat' dir='ltr'>spero,</span> 
     </span>
    </p>

    <p class='ocr_par' dir='ltr' id='par_1_7' title="bbox 261 4287 1589 4864">
     <span class='ocr_line' id='line_1_30' title="bbox 310 4287 1588 4387; baseline -0.001 -29"><span class='ocrx_word' id='word_1_252' title='bbox 310 4293 392 4360; x_wconf 90' lang='lat' dir='ltr'>Duo</span> <span class='ocrx_word' id='word_1_253' title='bbox 414 4314 499 4362; x_wconf 90' lang='lat' dir='ltr'>vero</span> <span class='ocrx_word' id='word_1_254' title='bbox 522 4303 606 4362; x_wconf 89' lang='lat' dir='ltr'>sunt</span> <span class='ocrx_word' id='word_1_255' title='bbox 627 4313 757 4385; x_wconf 87' lang='lat' dir='ltr'>genera</span> <span class='ocrx_word' id='word_1_256' title='bbox 780 4292 996 4387; x_wconf 87' lang='lat' dir='ltr'>scriptorum</span> <span class='ocrx_word' id='word_1_257' title='bbox 1026 4313 1106 4386; x_wconf 89' lang='lat' dir='ltr'>quae</span> <span class='ocrx_word' id='word_1_258' title='bbox 1131 4287 1198 4359; x_wconf 90' lang='lat' dir='ltr'>sub</span> <span class='ocrx_word' id='word_1_259' title='bbox 1220 4288 1416 4358; x_wconf 83' lang='lat' dir='ltr'>Aristotelis</span> <span class='ocrx_word' id='word_1_260' title='bbox 1443 4289 1588 4358; x_wconf 89' lang='lat' dir='ltr'>nomine</span> 
     </span>
     <span class='ocr_line' id='line_1_31' title="bbox 262 4411 1589 4510; baseline -0.002 -30"><span class='ocrx_word' id='word_1_261' title='bbox 262 4411 565 4486; x_wconf 80' lang='lat' dir='ltr'>circumferuntur</span> <span class='ocrx_word' id='word_1_262' title='bbox 577 4414 624 4486; x_wconf 89' lang='lat' dir='ltr'>de</span> <span class='ocrx_word' id='word_1_263' title='bbox 649 4413 783 4510; x_wconf 86' lang='lat' dir='ltr'>quibus</span> <span class='ocrx_word' id='word_1_264' title='bbox 809 4413 898 4484; x_wconf 84' lang='lat' dir='ltr'>nihil</span> <span class='ocrx_word' id='word_1_265' title='bbox 922 4414 981 4484; x_wconf 84' lang='lat' dir='ltr'>hle</span> <span class='ocrx_word' id='word_1_266' title='bbox 999 4415 1220 4483; x_wconf 83' lang='lat' dir='ltr'>curavimus.</span> <span class='ocrx_word' id='word_1_267' title='bbox 1249 4415 1371 4497; x_wconf 89' lang='lat' dir='ltr'>Quum</span> <span class='ocrx_word' id='word_1_268' title='bbox 1400 4411 1495 4480; x_wconf 89' lang='lat' dir='ltr'>enim</span> <span class='ocrx_word' id='word_1_269' title='bbox 1524 4434 1589 4507; x_wconf 92' lang='lat' dir='ltr'>per</span> 
     </span>
     <span class='ocr_line' id='line_1_32' title="bbox 265 4531 1585 4633; baseline 0.001 -32"><span class='ocrx_word' id='word_1_270' title='bbox 265 4557 430 4626; x_wconf 83' lang='lat' dir='ltr'>magnam</span> <span class='ocrx_word' id='word_1_271' title='bbox 458 4550 598 4632; x_wconf 88' lang='lat' dir='ltr'>partem</span> <span class='ocrx_word' id='word_1_272' title='bbox 630 4537 802 4633; x_wconf 88' lang='lat' dir='ltr'>temporis</span> <span class='ocrx_word' id='word_1_273' title='bbox 824 4534 925 4631; x_wconf 92' lang='lat' dir='ltr'>quod</span> <span class='ocrx_word' id='word_1_274' title='bbox 960 4535 1118 4605; x_wconf 90' lang='lat' dir='ltr'>medium</span> <span class='ocrx_word' id='word_1_275' title='bbox 1145 4558 1262 4604; x_wconf 87' lang='lat' dir='ltr'>aevum</span> <span class='ocrx_word' id='word_1_276' title='bbox 1287 4531 1459 4630; x_wconf 86' lang='lat' dir='ltr'>appellari</span> <span class='ocrx_word' id='word_1_277' title='bbox 1481 4533 1585 4620; x_wconf 90' lang='lat' dir='ltr'>solet,</span> 
     </span>
     <span class='ocr_line' id='line_1_33' title="bbox 261 4656 1587 4757; baseline 0.001 -31"><span class='ocrx_word' id='word_1_278' title='bbox 261 4657 432 4752; x_wconf 83' lang='lat' dir='ltr'>Stagiritae</span> <span class='ocrx_word' id='word_1_279' title='bbox 451 4684 582 4730; x_wconf 86' lang='lat' dir='ltr'>nomen</span> <span class='ocrx_word' id='word_1_280' title='bbox 600 4660 703 4754; x_wconf 89' lang='lat' dir='ltr'>quasi</span> <span class='ocrx_word' id='word_1_281' title='bbox 724 4661 836 4756; x_wconf 89' lang='lat' dir='ltr'>ipsam</span> <span class='ocrx_word' id='word_1_282' title='bbox 856 4661 1042 4730; x_wconf 89' lang='lat' dir='ltr'>scientiam</span> <span class='ocrx_word' id='word_1_283' title='bbox 1073 4672 1355 4757; x_wconf 81' lang='lat' dir='ltr'>repraesentaret,</span> <span class='ocrx_word' id='word_1_284' title='bbox 1378 4656 1513 4727; x_wconf 81' lang='lat' dir='ltr'>lactum</span> <span class='ocrx_word' id='word_1_285' title='bbox 1529 4672 1587 4727; x_wconf 88' lang='lat' dir='ltr'>-est</span> 
     </span>
     <span class='ocr_line' id='line_1_34' title="bbox 262 4779 1587 4864; baseline 0 -12"><span class='ocrx_word' id='word_1_286' title='bbox 262 4795 300 4852; x_wconf 86' lang='lat' dir='ltr'>ut</span> <span class='ocrx_word' id='word_1_287' title='bbox 315 4805 361 4851; x_wconf 92' lang='lat' dir='ltr'>eo</span> <span class='ocrx_word' id='word_1_288' title='bbox 375 4781 505 4852; x_wconf 83' lang='lat' dir='ltr'>tuiruur</span> <span class='ocrx_word' id='word_1_289' title='bbox 522 4783 556 4851; x_wconf 91' lang='lat' dir='ltr'>iu</span> <span class='ocrx_word' id='word_1_290' title='bbox 579 4781 726 4853; x_wconf 85' lang='lat' dir='ltr'>modum</span> <span class='ocrx_word' id='word_1_291' title='bbox 741 4780 977 4854; x_wconf 88' lang='lat' dir='ltr'>aluttercntur</span> <span class='ocrx_word' id='word_1_292' title='bbox 992 4808 1063 4853; x_wconf 92' lang='lat' dir='ltr'>uon</span> <span class='ocrx_word' id='word_1_293' title='bbox 1083 4783 1197 4853; x_wconf 79' lang='lat' dir='ltr'>solunt</span> <span class='ocrx_word' id='word_1_294' title='bbox 1214 4779 1352 4864; x_wconf 77' lang='lat' dir='ltr'>hurbes,</span> <span class='ocrx_word' id='word_1_295' title='bbox 1369 4779 1430 4850; x_wconf 88' lang='lat' dir='ltr'>sed</span> <span class='ocrx_word' id='word_1_296' title='bbox 1451 4793 1485 4851; x_wconf 92' lang='lat' dir='ltr'>et</span> <span class='ocrx_word' id='word_1_297' title='bbox 1498 4779 1587 4852; x_wconf 89' lang='lat' dir='ltr'>doc·</span> 
     </span>
    </p>
   </div>
   <div class='ocr_carea' id='block_1_6' title="bbox 0 0 2072 6134">
    <p class='ocr_par' dir='ltr' id='par_1_8' title="bbox 0 0 2072 6134">
     <span class='ocr_line' id='line_1_35' title="bbox 0 0 2072 6134; baseline 0 0"><span class='ocrx_word' id='word_1_298' title='bbox 0 0 2072 6134; x_wconf 95' lang='lat' dir='ltr'> </span> 
     </span>
    </p>
   </div>
  </div>
 </body>
</html>
