4134 6134
1563 309 1892 373 JMALOGL
3245 325 3389 417 47·

119 440 254 516 ἐχειν
286 437 400 514 ἅμα
476 436 708 498 άπτοντα
758 437 850 496 καὶ
878 435 966 496 τὸν
1006 435 1262 517 Κράτητα
1310 441 1490 498 εἰπεῖν·
1527 439 1673 516 Ἐγώ

121 550 208 602 μοι
233 526 404 598 δοκῷ,
432 550 478 584 ω
519 526 780 602 Φιλίσκε,
804 525 1020 606 γράφειν
1065 528 1136 593 εἷς
1170 526 1230 585 σὲ
1274 532 1671 608 προτρεπτικόν·

122 612 288 673 πλείω
320 613 422 692 γὰρ
456 616 561 693 ὀρῷ
599 637 681 674 σοι
721 614 1030 695 ὑπάρχοντα
1054 612 1184 692 πρὸς
1228 613 1288 672 τὸ
1321 618 1669 697 φιλοσοφῆσαι

116 693 192 760 ὧν
222 701 447 779 ἔγραψεν
471 700 854 780 Ἀριστοτέλης.

775 855 835 892 2.
887 834 1023 912 (65.)

202 969 361 1024 Alex.
393 966 647 1045 Aphrod.
682 967 745 1025 in
783 967 967 1025 Arist.
995 967 1147 1045 Top.
1190 987 1249 1045 p.
1274 966 1350 1023 80
1394 964 1482 1045 (p.
1527 969 1666 1038 266,

124 1057 193 1123 Α,
227 1055 294 1110 15
332 1053 566 1133 Brand.)
602 1076 616 1112 ε
655 1051 818 1115 Ἐστι
848 1052 902 1112 δὲ
934 1056 1013 1134 ἐφ’
1041 1044 1113 1113 ὦν
1143 1052 1234 1112 καὶ
1261 1052 1436 1112 πάντα
1466 1053 1534 1112 τὰ
1575 1078 1670 1127 ση-

117 1142 407 1217 μαινόμενα
433 1141 791 1218 λαμὸάνοντες
830 1143 970 1201 ἔστιν
1005 1142 1088 1200 ἐπὶ
1113 1140 1322 1201 πάντων
1353 1143 1523 1200 αὗτῷν
1549 1143 1671 1200 ἄνα·

119 1229 390 1296 σκευάζειν
431 1229 492 1288 τὸ
519 1228 775 1305 κείμενον·
806 1220 912 1289 οἷον
944 1231 989 1288 εἰ
1026 1229 1170 1305 λέγοι
1209 1251 1286 1294 τις
1333 1228 1415 1287 ὅτι
1444 1227 1518 1305 μὴ
1559 1229 1665 1309 χρὴ

114 1319 434 1397 φιλοσοφεῖν,
459 1316 577 1378 ἐπεὶ
601 1318 896 1399 φιλοσοφεῖν
917 1317 1128 1397 λέγεται
1155 1316 1245 1377 καὶ
1269 1317 1329 1377 τὸ
1347 1320 1520 1387 ζητεῖν
1542 1317 1670 1377 αὐτὸ

116 1410 268 1465 τοῦτο
292 1404 397 1465 εἴτε
417 1405 524 1486 χρὴ
554 1407 854 1486 φιλοσοφεῖν
885 1404 988 1464 εἴτε
1019 1405 1110 1464 καὶ
1138 1403 1214 1481 μὴ
1229 1448 1246 1478 ,
1277 1406 1348 1471 ὣς
1375 1394 1518 1465 εἶπεν
1550 1429 1584 1465 α
1600 1406 1665 1462 ὖ·-

113 1491 221 1558 τὸς
249 1494 307 1570 (ὃ
337 1492 734 1571 Ἀριστοτέλης)
764 1497 818 1554 έν
849 1497 925 1572 τῷ
954 1496 1373 1574 Προτρεπτικῷ,
1407 1494 1542 1552 ἄλλα
1581 1495 1671 1553 καὶ

112 1580 177 1637 τὸ
208 1583 303 1650 τὴν
346 1579 627 1662 φιλόσοφον
659 1581 875 1660 θεωρίαν
916 1579 1177 1656 μετιέναι,
1216 1581 1460 1661 ἑκάτερον
1500 1583 1669 1642 αὖτῷν

118 1667 374 1736 δείξαντες
413 1671 600 1728 οἰκεῖον
642 1671 720 1750 τῷ
761 1669 1044 1749 ἀνθρώπῳ,
1090 1669 1416 1749 πανταχόθεν
1446 1670 1668 1748 ἀναιρή-

119 1779 281 1828 σομεν
312 1756 375 1814 τὸ
405 1755 692 1833 τιθέμενον.
720 1756 850 1817 Ἐπὶ
891 1755 988 1834 μὲν
1017 1747 1106 1816 οὗν
1141 1757 1337 1817 τούτων
1368 1761 1487 1817 κατ’
1509 1758 1670 1840 ἄμφω

110 1845 384 1923 ἐνδέχεται
405 1845 701 1904 δείκνυσθαι
723 1844 785 1904 τὸ
809 1845 1169 1924 προκείμενον,
1203 1846 1291 1906 ἐπὶ
1317 1845 1373 1905 δὲ
1401 1849 1504 1906 τῷν
1527 1846 1671 1928 πρώ-

111 1956 218 1990 των
255 1933 699 2012 παραδειγμάτων
727 1934 822 1992 οὔκ
859 1934 947 1993 ἐπὶ
977 1932 1188 1991 πάντων
1219 1932 1336 1992 ἀλλ’
1374 1934 1410 2004 ἢ
1444 1934 1510 1992 δι’
1543 1937 1671 1993 ἔκα-

109 2020 267 2099 τέρου
297 2020 333 2092 ἢ
370 2019 432 2080 ἔκ
459 2044 634 2080 τινων.
665 2089 683 2103 ·

192 2114 383 2166 Anon.
430 2107 616 2166 schol.
646 2106 766 2185 περὶ
795 2109 900 2165 τῶν
930 2109 1080 2166 εἰδῶν
1109 2107 1324 2168 πάντων
1356 2113 1448 2167 τοῦ
1479 2109 1670 2168 συλλο-

109 2197 332 2268 γισμοῧ,
361 2212 395 2252 e
416 2193 543 2251 cod.
576 2192 764 2254 Paris.
802 2195 954 2262 2064
986 2195 1143 2271 apud
1173 2195 1410 2256 Rosium
1444 2218 1458 2254 ι
1484 2198 1673 2256 Τοιοῦ-

104 2301 193 2343 τος
241 2279 295 2337 δὲ
343 2279 850 2359 (παρασυνημμένος
883 2282 1045 2360 scil.)
1075 2281 1166 2341 καὶ
1207 2287 1238 2341 ὁ
1287 2282 1672 2360 Ἀριστοτέ-

107 2367 256 2434 λους
288 2365 438 2444 λόγος
482 2367 537 2425 ἐν
584 2370 661 2447 τῷ
704 2369 1112 2448 Προτρεπτικῷ·
1151 2367 1256 2426 εἴτε
1297 2370 1671 2451 φιλοσοφητέον

102 2452 212 2511 εἴτε
244 2457 318 2529 μὴ
348 2452 742 2536 φιλοσοφητέον,
778 2455 1174 2535 φιλοσοφητέον.
1203 2455 1364 2516 Ἀλλὰ
1387 2455 1492 2533 μὴν
1522 2457 1557 2529 ἢ
1586 2481 1672 2538 φι-

105 2543 426 2621 λοσοφητέον
475 2543 510 2614 ἢ
554 2546 612 2602 οὗ
648 2545 1046 2624 φιλοσοφητέον·
1076 2545 1286 2613 πάντως
1324 2545 1429 2626 ἄρα
1460 2551 1666 2628 φιλοσο-

113 2631 324 2709 φητέον.
346 2634 594 2699 Τοιοῦτος
625 2632 718 2692 καὶ
750 2638 781 2692 ὁ
801 2632 1085 2700 Πλάτωνος
1114 2635 1168 2693 έν
1195 2638 1274 2714 τῷ
1309 2635 1661 2716 Πρωταγόρᾳ.

102 2723 198 2779 Cf.
251 2721 593 2800 Olympiod.
642 2721 707 2780 in
757 2721 902 2780 Plat.
934 2722 1128 2782 Aleib.
1171 2744 1232 2802 p.
1275 2724 1385 2792 145
1427 2724 1661 2797 Creuz„

105 2809 213 2885 qui
254 2809 550 2887 respicere
578 2808 814 2867 videtur
831 2809 1213 2881 Theaetetum‚
1245 2831 1304 2887 p.
1341 2831 1470 2883 170.

189 2895 532 2973 Olympiod.
565 2895 630 2954 in
655 2895 803 2956 Plat.
824 2895 1013 2955 Alcib.
1045 2916 1105 2975 p.
1135 2905 1245 2966 144
1273 2892 1478 2956 Creuz.
1511 2919 1526 2953 ι
1562 2895 1673 2956 Καὶ

107 2981 612 3061 Ἀριστοτέλης
673 2982 769 3060 μὲν
835 2985 889 3042 ἐν
942 2987 1020 3065 τῷ
1061 2986 1440 3065 Προτρεπτικῷ
1499 2985 1673 3064 ἔλεγεν

108 3069 195 3127 ὅτι
238 3069 344 3128 εἴτε
379 3069 784 3151 φιλοσοφητέον,
833 3071 1227 3153 φιλοσοφητέον·
1269 3071 1374 3132 εἴτε
1411 3071 1485 3148 μὴ
1525 3073 1672 3154 φιλο-

112 3158 404 3238 σοφητέον,
455 3157 862 3239 φιλοσοφητέον,
909 3159 1120 3228 πάντως
1165 3158 1220 3218 δὲ
1272 3159 1665 3240 φιλοσοφητέον.

102 3244 270 3303 Elias
303 3245 535 3321 Proleg.
568 3246 797 3306 Philos.
842 3268 903 3326 p.
941 3268 998 3319 7,
1034 3248 1107 3320 A,
1156 3249 1223 3306 13
1250 3247 1524 3311 Brandis.
1575 3249 1666 3307 Cf.

104 3337 303 3394 Cram.
351 3334 607 3396 Anecdd.
650 3335 844 3396 Paris.
903 3324 946 3393 t.
979 3334 1096 3411 JV,
1137 3355 1198 3414 p.
1243 3336 1352 3411 39¹
1398 3358 1414 3394 ι
1460 3336 1539 3396 Ἦ
1582 3336 1672 3396 καὶ

101 3423 175 3485 ὥς
226 3417 387 3500 φησὶν
424 3418 906 3500 Ἀριστοτέλης
946 3424 999 3481 ἐν
1037 3426 1113 3502 τῷ
1147 3424 1528 3502 Προτρεπτικῷ
1565 3425 1673 3483 ἐπι-

99 3509 495 3588 γεγραμμένῳ,
534 3510 587 3566 zv
625 3501 670 3588 ᾧ
726 3510 1012 3589 προτρέπει
1059 3509 1177 3578 τοὺς
1235 3509 1380 3578 νέους
1416 3511 1544 3590 πρὸς
1586 3535 1671 3593 φι·

101 3596 382 3676 λοσοφίαν.
413 3596 565 3668 Φησὶ
606 3597 708 3677 γὰρ
730 3597 910 3664 οὕτως·
940 3601 1009 3659 Εἰ
1039 3598 1133 3676 μὲν
1162 3598 1555 3681 φιλοσοφητέον,
1589 3623 1671 3681 φι-

102 3682 452 3760 λοσοφητέον,
483 3683 575 3742 καὶ
615 3685 660 3742 εἰ
703 3683 780 3761 μὴ
827 3684 1232 3766 φιλοσοφητέον,
1271 3682 1668 3764 φιλοσοφητέον·

95 3773 315 3838 πάντως
376 3772 480 3850 ἄρα
531 3773 935 3854 φιλοσοφητέον.
993 3772 1279 3834 Τουτέστιν
1331 3775 1376 3831 εἶ
1431 3773 1527 3851 μὲν
1567 3771 1670 3855 γὰρ

98 3858 251 3933 ἔστι,
304 3859 510 3927 πάντως
556 3861 830 3942 ὀφείλομεν
877 3863 1171 3942 φιλοσοφεῖν
1211 3859 1369 3932 οὔσης
1412 3863 1590 3933 αὐτῆς·
1623 3865 1670 3921 εἰ

98 3946 155 4003 δὲ
189 3947 271 4022 μὴ
301 3947 442 4016 ἔστι,
481 3948 570 4006 καὶ
601 3947 763 4016 οὕτως
799 3948 1073 4030 ὀφείλομεν
1101 3952 1272 4021 ζητεῖν
1303 3951 1414 4015 πῶς
1438 3951 1529 4007 οὐκ
1557 3947 1669 4010 ἔστι

96 4034 412 4113 φιλοσοφία.
470 4038 760 4107 Ζητοῧντες
810 4037 864 4096 δὲ
919 4039 1335 4119 φιλοσοφοῧμεν,
1384 4037 1563 4109 ἐπειδὴ
1608 4036 1668 4096 τὸ

85 4125 282 4192 ζητεῖν
328 4121 472 4179 αῖτία
518 4129 609 4195 τῆς
665 4125 977 4209 φιλοσοφίας
1018 4125 1177 4186 ἐστίν.
1234 4126 1425 4184 David
1464 4126 1666 4184 Prole·

96 4228 271 4284 gom.
304 4208 526 4268 philos.
560 4232 618 4289 p.
662 4215 753 4284 13,
794 4220 865 4286 Α,
902 4236 935 4272 2
967 4214 1187 4275 Brand.
1230 4215 1363 4275 coll.
1401 4235 1451 4274 c.
1490 4214 1658 4277 codd.

92 4297 332 4355 Pariss.
373 4317 553 4371 1900,
583 4302 760 4371 2723,
796 4303 952 4378 2089
985 4322 1020 4361 a
1048 4301 1228 4361 Rosio
1257 4325 1270 4358 t
1309 4300 1418 4362 Καὶ
1441 4305 1470 4359 ὁ
1498 4299 1665 4377 Ἀρι-

94 4382 428 4455 στοτέλης
481 4383 535 4443 δὲ
602 4385 655 4444 ἔν
721 4411 823 4445 τινι
879 4391 1255 4470 προτρεπτικῷ
1320 4391 1476 4449 αὐτοῦ
1538 4412 1663 4468 συγ·

87 4471 415 4552 γράμματι,
454 4475 507 4531 ἐν
561 4463 605 4554 ᾧ
654 4475 1013 4556 προτρέπεται
1053 4478 1171 4545 τοὺς
1210 4476 1352 4543 νέους
1386 4477 1473 4535 ἐπὶ
1514 4477 1659 4556 φιλο·

95 4557 322 4639 σοφίαν,
365 4557 505 4638 λέγει
541 4558 622 4619 ὅτι
668 4559 774 4619 εἴτε
814 4560 888 4638 μὴ
931 4564 1304 4645 φιλοσοφητέον
1323 4609 1341 4638 ,
1378 4567 1663 4645 φιλοσοφη-

96 4646 218 4703 τέον
241 4689 259 4720 ,
318 4644 424 4704 εἴτε
473 4648 878 4729 φιλοσοφητέον,
923 4650 1328 4730 φιλοσοφητέον,
1370 4651 1578 4718 πάντως
1607 4651 1662 4711 δὲ

94 4866 396 4916 moditatum
437 4866 496 4916 ad
551 4868 985 4933 philosophandum
1024 4883 1151 4933 esse,
1205 4884 1349 4934 quam
1393 4871 1665 4921 Themisoni

95 4954 386 5004 Aristoteles
416 4955 645 5020 obtigisse
671 4957 932 5021 scripserit.

863 5053 909 5096 2.

163 5131 452 5184 Aristoteles
481 5132 603 5186 dixit
643 5133 692 5184 in
737 5134 1036 5198 Protreptioo
1072 5153 1086 5185 ι
1137 5137 1309 5184 Utrum
1352 5134 1667 5199 philosophioe

1781 442 2171 522 φιλοσοφητέον.
2222 443 2505 503 Τουτέστιν
2551 446 2632 505 ὅτι
2698 449 2743 504 εἰ
2791 447 2933 527 λέγει
2970 472 3047 517 τις
3092 449 3169 526 μὴ
3193 446 3325 514 εἶναι

1779 528 2112 610 φιλοσοφίαν,
2140 530 2434 598 ἀποδείξεσι
2460 531 2747 612 κέχρηται,
2770 534 3008 607 δηλονότι
3033 539 3325 620 φιλοσοφεῖ·

1779 614 1956 696 μήτηρ
1982 615 2085 697 γὰρ
2129 621 2234 677 τῶν
2275 618 2585 688 ἀποδείξεων
2610 626 2644 694 ἡ
2678 622 2972 704 φιλοσοφία.
3011 622 3138 686 Εἴτε
3180 625 3325 704 λέγει

1779 694 1914 771 εἶναι
1961 707 2145 786 φιλοσο
2187 706 2301 778 ίαν,
2346 709 2503 767 πάλιν
2550 708 2839 820 φςιλοσοφεῖ·
2874 712 3169 783 ἀποδείξεσι
3221 715 3324 795 γὰρ

1781 790 2039 870 κέχρηται
2062 794 2129 851 δι’
2148 729 2231 852 ἓν
2262 792 2517 853 δείκνυσιν
2542 818 2700 855 ουσαν
2731 798 2893 870 αὐτήν
2925 805 3039 861 κτλ.

1860 881 2436 957 Argumentationem
2478 904 2595 962 qua
2635 905 2775 945 usus
2813 900 2939 946 erat
2983 891 3327 951 Aristoteles

1778 969 1980 1027 retulit
2005 968 2209 1028 Cicero
2252 972 2316 1029 in
2358 972 2669 1032 Hortensio
2704 975 2810 1051 (de
2846 997 2966 1052 quo
3004 977 3159 1037 libro
3186 981 3326 1056 quid

1779 1054 1896 1114 sibi
1943 1058 2129 1115 velint
2183 1079 2314 1136 quae
2363 1060 2635 1137 leguntur
2678 1063 2832 1139 apud
2874 1062 3131 1126 Trebell.
3189 1067 3326 1126 Pol-

1777 1142 1920 1201 lion.
1957 1145 2019 1202 in
2043 1144 2174 1202 Vita
2199 1145 2452 1206 Gallieni
2478 1148 2776 1221 Salonini,
2804 1172 2856 1208 c.
2882 1173 2915 1209 2
2943 1172 2958 1212 :
2989 1156 3109 1210 Nec
3136 1161 3329 1229 Ignota

1775 1250 1892 1286 esse
1927 1235 2169 1290 arbitror
2204 1256 2334 1310 quae
2368 1239 2518 1293 dixit
2550 1240 2633 1294 M.
2687 1241 2897 1295 Tullius
2935 1248 2991 1296 in
3022 1245 3326 1316 Hortensio,

1776 1339 1937 1393 quem
1974 1323 2056 1375 acl
2074 1326 2389 1396 exemplum
2423 1327 2747 1400 Protreptici
2768 1330 3010 1401 scripsit,
3040 1329 3144 1387 vix
3171 1329 3254 1407 dij
3261 1351 3328 1387 u-

1776 1404 1960 1464 dicari
2006 1406 2179 1484 licet)
2213 1421 2353 1468 teste
2382 1409 2707 1483 Lactantio,
2734 1409 2924 1483 Instit.
2976 1414 3165 1473 divin.
3205 1415 3322 1489 lll,

1789 1493 1858 1548 16
1893 1513 1910 1552 t
1960 1496 2240 1551 Ciceronis
2287 1499 2627 1567 Hortensius,
2672 1513 2866 1555 contra
2906 1503 3329 1580 philosophiam

1779 1582 2050 1638 disserens
2062 1624 2083 1651 ,
2164 1590 2581 1642 circumvenitur
2653 1601 2857 1661 arguta
2940 1595 3288 1649 conclusione
3310 1638 3326 1660 ‚

1779 1672 1933 1742 quod
1944 1712 1964 1744 ,
2007 1690 2173 1745 quum
2220 1674 2425 1728 diceret
2462 1674 2969 1748 philosophandum
3024 1699 3136 1735 non
3172 1700 3291 1737 esse
3310 1725 3325 1753 ,

1773 1754 1954 1834 pihilo
1993 1763 2174 1812 minus
2210 1759 2603 1834 philosophari
2651 1761 2949 1817 videbatur
2990 1781 3005 1818 .·
3066 1774 3327 1838 quoniam

1773 1844 2096 1918 philosophi
2134 1859 2235 1912 est,
2274 1850 2410 1921 quid
2436 1853 2492 1903 in
2533 1854 2654 1904 vita
2675 1846 3040 1921 faciendum,
3081 1857 3183 1909 vel
3219 1875 3329 1911 non

1761 1928 2102 2001 faciendum
2178 1940 2283 2004 sit,
2353 1939 2657 2011 disputare.
2715 1936 2990 2014 Ejusdem
3061 1945 3327 2001 meminit

1779 2018 2177 2087 Quintilianus
2215 2021 2353 2081 Inst-
2379 2024 2535 2082 Orat.
2565 2023 2638 2098 V,
2669 2045 2772 2102 ιο,
2808 2048 2881 2098 70
2916 2049 2929 2084 z
2955 2033 3188 2086 Interim
3215 2034 3326 2088 duo

1778 2112 1859 2161 ita
1877 2124 2284 2184 proponantur,
2324 2124 2383 2167 ut
2423 2112 2744 2169 utrumlibet
2768 2119 2999 2172 electum
3041 2121 3185 2175 idem
3225 2120 3330 2192 of-

1762 2197 1963 2273 ficiat,
1990 2201 2158 2272 quale
2179 2213 2264 2255 est
2288 2221 2309 2254 .·
2335 2225 2358 2249 ιι
2400 2202 2908 2276 philosophandum
2951 2216 3034 2260 est
3078 2212 3247 2262 etiam
3283 2213 3332 2261 si

1778 2304 1887 2339 reon
1947 2299 2031 2341 est
2085 2287 2595 2364 philosophandum
2641 2317 2689 2350 ι.
2746 2288 2839 2351 Cf.
2889 2305 3170 2370 praeterea
3219 2297 3325 2351 Ar-

1781 2372 1930 2430 rian.
1970 2373 2257 2451 Disputat.
2288 2375 2534 2452 Epictet.
2572 2375 2653 2448 11,
2700 2378 2800 2437 25.

2269 2567 2837 2653 xu.ErAnMoz.

1859 2720 2043 2789 Quem
2075 2719 2295 2797 duplici
2319 2721 2490 2779 titulo
2513 2737 2839 2780 memorant
2861 2723 3160 2800 dialogum
3191 2725 3331 2787 Plu-

1777 2806 2008 2864 tarchus
2039 2805 2273 2864 Consol.
2312 2806 2384 2864 ad
2411 2808 2689 2884 Apollon.
2718 2830 2772 2870 c.
2801 2832 2872 2882 27
2903 2824 2959 2869 et
2996 2811 3331 2891 Simplicius

1784 2894 1843 2951 in
1881 2895 2119 2953 Aristot.
2158 2894 2231 2951 de
2269 2894 2480 2952 Anima
2512 2896 2613 2956 fol.
2657 2897 2732 2953 62
2778 2912 2970 2971 recto,
3019 2899 3265 2977 Εὔδημον
3296 2904 3329 2974 ἢ

1782 2979 1903 3058 περὶ
1932 2983 2133 3061 ψυχῆς,
2165 2979 2344 3058 hujus
2368 2982 2603 3040 nonnisi
2633 2983 2751 3061 περὶ
2782 2985 2982 3064 Ψυχῆς
3014 2985 3063 3043 α’
3099 2989 3327 3048 titulum

1784 3069 1845 3126 in
1893 3068 2192 3127 indicibus
2246 3082 2551 3147 apponunt
2611 3071 2780 3147 Diog.
2831 3070 3020 3131 Laert.
3082 3076 3225 3155 (13)
3276 3092 3331 3135 et

1783 3161 2126 3234 Anonymus
2154 3157 2255 3235 (13
2276 3157 2330 3237 )‚
2355 3158 2531 3215 ceteri
2557 3177 2699 3216 vero
2728 3160 2855 3218 sive
2875 3158 3195 3218 Eudemum
3229 3183 3333 3221 vo-

1781 3258 1914 3304 cant
1957 3246 2084 3306 sive
2132 3245 2423 3321 dialogica
2468 3256 2685 3303 tantum
2739 3247 2923 3306 forma
2967 3269 3000 3306 a
3042 3248 3213 3308 libris
3263 3251 3335 3309 de

1783 3333 1997 3392 Anima
2046 3333 2439 3409 distinguunt.
2489 3337 2575 3391 De
2632 3336 2940 3395 occasione
3006 3356 3122 3414 qua
3183 3341 3333 3397 scri-

1781 3434 1916 3501 ptus
1964 3434 2050 3479 est
2096 3420 2361 3496 dialogus
2381 3464 2397 3492 ,
2448 3420 2527 3479 ita
2580 3435 2777 3480 narrat
2830 3422 3176 3483 Plutarchus
3209 3429 3332 3484 vita

1782 3509 1996 3567 Dionis
2024 3531 2077 3568 c.
2108 3530 2181 3566 22
2219 3532 2232 3565 :
2270 3508 2637 3587 Συνέπραττον
2666 3507 2720 3567 δὲ
2753 3508 2858 3589 (τῷ
2882 3509 3043 3568 Δίωνι
3072 3510 3328 3586 scilicet,

1781 3615 1960 3673 quum
1980 3596 2159 3654 armis
2186 3594 2499 3672 Syracusas
2516 3596 2730 3654 reverti
2751 3609 3080 3668 conaretur,
3099 3596 3332 3676 Olymp.

1788 3685 1921 3758 106,
1950 3682 2017 3761 ζ’)
2044 3683 2135 3742 καὶ
2159 3686 2262 3741 τῷν
2278 3684 2561 3741 πολιτικῶν
2581 3683 2767 3742 πολλοὶ
2794 3683 2883 3742 καὶ
2907 3686 3010 3742 τῷν
3040 3684 3331 3766 φιλοσόφων

1781 3771 1812 3829 ὅ
1837 3795 1895 3830 τε
1921 3772 2157 3851 Κύπριος
2183 3770 2457 3848 Εὔδημος,
2496 3774 2566 3838 εἷς
2596 3770 2650 3830 ὃν
2681 3771 2734 3832 Ἀ
2753 3770 3143 3850 ριστοτέλης
3191 3775 3330 3830 ἀπο-

1782 3860 2003 3918 θανόντα
2044 3859 2132 3919 τὸν
2159 3859 2281 3937 περὶ
2307 3862 2480 3940 ψυχῆς
2525 3858 2761 3937 διάλογον
2810 3858 3054 3929 ἐποίησε,
3101 3858 3190 3916 καὶ
3229 3863 3332 3919 Τι-

1781 3949 2009 4025 μωνίδης
2036 3951 2064 4006 ὁ
2083 3947 2382 4014 Λευκάδιος.
2408 3946 2743 4018 Συνέστησαν
2764 3945 2818 4004 δὲ
2841 3945 2931 4004 καὶ
2956 3945 3163 4005 Μίλταν
3188 3948 3333 4025 αὐτῷ

1780 4035 1869 4094 τὸν
1900 4034 2176 4095 Θεσσαλὸν
2194 4079 2210 4106 ,
2236 4033 2398 4114 ἄνδρα
2426 4033 2612 4109 μάντιν
2639 4033 2728 4092 καὶ
2757 4033 3123 4112 μετεσχηκότα
3150 4039 3245 4107 τῆς
3274 4040 3326 4095 ἐν

1784 4121 2109 4201 Ἀκαδημείᾳ
2166 4121 2453 4199 διατριὸἢς.
2529 4121 2652 4199 (Cf.
2705 4121 2874 4180 Plato
2926 4124 3111 4199 Epist.
3163 4123 3325 4197 Vnt,

1780 4213 2026 4271 Diodor.
2060 4210 2212 4270 Bibl.
2238 4208 2387 4282 xvl,
2416 4211 2547 4286 36).
2571 4210 2881 4286 Dialogum
2909 4210 3123 4268 nonita
3145 4213 3328 4271 multo

1778 4312 1911 4379 post
1937 4298 2159 4357 obitum
2183 4297 2423 4357 Eudemi
2444 4297 2837 4375 conscriptum
2861 4315 2985 4355 esse
3020 4298 3329 4358 verisimil-

1775 4387 1979 4446 limum
1998 4399 2104 4444 est.
2135 4390 2286 4443 Num
2313 4387 2484 4443 etiam
2509 4398 2640 4462 post
2664 4384 2887 4443 obitum
2912 4385 3173 4446 Platonis
3198 4387 3324 4464 (01.

1783 4478 1918 4549 108,
1955 4478 2018 4554 1)
2051 4477 2247 4548 fuerit,
2272 4475 2332 4532 id
2361 4494 2479 4531 non
2515 4474 2699 4549 magis
2725 4474 3014 4531 affirmare
3054 4466 3346 4533 auderem'

1777 4585 1951 4644 quam
1978 4564 2136 4642 quod
2177 4563 2327 4622 idem
2363 4562 2571 4621 Rosius
2602 4563 2830 4634 statuit,
2874 4581 3199 4622 sermonem
3225 4551 3325 4621 ha-

1776 4655 1962 4712 bitum
1996 4654 2150 4710 inter
2180 4652 2475 4710 Platonem
2522 4663 2580 4708 et
2605 4649 2923 4709 Eudemum
2952 4651 3149 4723 fuisse,
3175 4672 3323 4728 prae—

1776 4883 1971 4933 operam
1989 4882 2167 4919 navare
2193 4868 2358 4919 deceat
2380 4881 2544 4930 necne,
2574 4868 2706 4917 omni
2734 4866 2879 4917 modo
2900 4867 3212 4931 philosophiae
3236 4881 3325 4930 opo

1777 4956 2089 5020 quaerendum
2108 4957 2205 5006 est.
