4134 6134
241 1033 246 1042 ·
367 999 420 1054 τῷν
428 994 563 1063 πολλάκις.
576 994 653 1053 ibid.
668 996 735 1074 Vll,
754 1020 780 1070 1,
794 1019 828 1056 a:
842 995 1012 1075 Νομίσαιιτας
1026 1020 1040 1057 o

366 341 405 398 ιι
918 334 1164 397 laisnoruus
1185 288 1435 396 intonsum.

366 469 445 548 scil.)
457 469 503 527 καῖ
517 471 543 529 ir
565 472 617 536 ταῖς
636 468 794 546 ἐξωτερικοῖς
815 468 901 546 λόγοις
913 467 1060 546 ἀρκούντως
1083 467 1141 527 ἔνια
1198 467 1258 526 illis
1271 466 1479 546 respondeant,
1494 487 1570 544 quos
1584 486 1621 524 ex
1639 466 1735 546 ipsius
1752 467 1924 529 Aristotelis
1948 470 1985 527 li-

366 557 414 616 καῖ
427 557 554 637 χρηστέον
566 559 662 624 αὐτοῖς.
673 555 750 619 Ιλιῖιλ.
765 557 814 630 Vl,
830 567 861 635 4,
878 579 891 616 1
909 577 916 617 :
933 556 1098 634 ΙΙιοτεύομεν
1113 555 1141 615 δὲ
1199 555 1262 616 θεῖε
1284 558 1409 632 ductos,
1428 555 1546 633 priores
1563 555 1766 634 apposuimus,
1791 569 1883 616 totam
1905 559 1986 618 hanc

368 646 429 724 περὶ
441 648 528 704 αὐτῶν
541 646 613 725 (περὶ
625 649 672 716 τῆς
682 645 816 718 ποιήσεως
824 645 870 706 καῖ
882 649 929 717 τῆς
939 643 1058 724 πράξεως
1068 645 1141 722 scil.)
1198 646 1389 722 quaestionem
1415 643 1516 724 potins
1548 644 1670 704 turbere
1700 665 1789 724 quam
1815 645 1984 725 illustrare,

367 735 413 792 καῖ
430 741 485 801 τοῖς
499 732 656 812 ἐξωτερικοῖς
669 731 766 812 λόγως.
779 734 869 792 Polit.
886 733 943 806 lll,
967 741 997 806 4,
1014 741 1032 802 ό
1055 754 1063 789 2
1085 734 1143 802 Τῆς
1198 753 1258 792 non
1273 735 1359 793 facile
1380 734 1508 812 negabis

368 823 454 899 ἀρχῆς
475 820 533 888 τοὺς
552 819 705 898 λεγομένους
719 821 830 901 τρόπους
854 819 941 902 ῥᾴδιον
967 821 1073 880 διιλιῖν·
1096 820 1143 879 καὶ
1239 822 1338 882 λθειιει
1361 837 1395 882 ιιι
1412 823 1546 901 quedam
1560 823 1598 882 de
1616 822 1731 884 duobus
1751 825 1817 884 aliis
1833 825 1911 885 locis
1932 830 1985 884 ad-

367 907 419 987 ,lp
436 911 463 967 ἐν
485 908 538 974 τοῖς
561 907 719 986 ἐξωτερικοῖς
731 908 817 987 λόγοις
837 909 1000 988 διοριζόμεθα
1018 908 1144 1055 applipli-
1198 913 1320 1017 damus,
1340 913 1381 1059 1ῖγι1
1398 911 1525 1060 quiippe,
1542 913 1598 1017 etsi
1623 914 1800 1064 lquengp1⁸8
1788 934 1900 1063 genps,
1922 937 1984 994 quo

1113 1018 1145 1054 α-
1200 1015 1294 1061 untur
1320 1021 1454 1081 procop
1476 1022 1531 1075 us,
1555 1021 1655 1062 minus
1689 1023 1724 1061 or
1821 1025 1841 1063 o
1862 1024 1983 1063 scuram

367 1087 416 1150 νῶς
430 1081 516 1142 πολλὰ
536 1081 656 1159 λέγεσθαι
670 1086 715 1144 καῖ
728 1088 781 1144 τῶν
803 1087 830 1144 ἐν
852 1087 905 1154 τοῖς
919 1085 1079 1166 ἐξωτερικοῖς
1097 1087 1144 1145 λό-
1201 1103 1256 1163 est,
1277 1109 1337 1150 non
1355 1102 1452 1149 tamen
1476 1089 1513 1148 ah
1534 1090 1673 1150 omnibus
1699 1093 1871 1151 comeditur
1884 1094 1985 1151 dialo-

368 1196 422 1251 γοις
438 1173 497 1252 περὶ
511 1177 558 1243 τῆς
574 1173 682 1253 ἀρίστης
694 1177 771 1248 ζωῆς,
788 1175 833 1235 καῖ
847 1175 1143 1256 νῖνχρηατόοναύτοῖς,
1199 1198 1303 1256 gotum
1321 1179 1498 1238 mentionem
1512 1179 1596 1239 abeo
1615 1181 1691 1240 fieri.
1715 1181 1813 1252 Quum
1831 1184 1863 1242 in
1883 1185 1985 1264 primo

368 1261 438 1320 tales
452 1263 541 1318 ferme
554 1275 634 1332 sunt,
648 1275 680 1320 ut
694 1264 813 1322 illorum
828 1265 965 1343 opinioni
984 1283 1144 1342 nonrepu-
1199 1265 1278 1326 libro
1295 1265 1332 1327 de
1343 1268 1448 1327 Anima
1460 1289 1484 1325 c.
1506 1276 1532 1339 4,
1552 1269 1571 1346 S
1587 1289 1615 1341 1,
1636 1269 1673 1327 ad
1686 1289 1788 1330 eorum
1808 1273 1985 1331 sententiam

368 1362 463 1424 gnent,
495 1349 547 1426 qui
576 1349 611 1407 de
640 1349 773 1427 dialogis,
803 1352 841 1410 ah
868 1352 934 1430 ipso
967 1351 1145 1430 philosopho
1199 1368 1345 1432 pergeret,
1365 1357 1418 1433 qui
1441 1356 1571 1415 animam
1591 1357 1775 1417 harmoniam
1801 1379 1866 1419 esse
1898 1375 1984 1440 puta-

367 1436 470 1512 editis,
505 1437 711 1514 intelligendos
746 1458 808 1497 esse
840 1439 1031 1498 arbitrantur.
1067 1438 1146 1508 Quin
1200 1456 1286 1517 rent,
1301 1443 1343 1503 ita
1363 1443 1479 1504 locutus
1492 1458 1537 1504 est
1548 1445 1766 1526 philosophus:
1788 1448 1846 1509 Kal
1865 1448 1939 1521 ἄλλο,
1956 1452 1984 1507 δέ

367 1538 395 1581 ει
412 1525 443 1582 ῖιι
461 1525 535 1584 hanc
548 1526 719 1583 sententiam
732 1526 949 1604 interpretanda
962 1546 1020 1584 esse
1033 1545 1068 1585 ea
1081 1546 1146 1603 quas
1199 1553 1239 1598 τις
1251 1530 1314 1600 δόξα
1326 1532 1506 1612 παραδέδοται
1526 1533 1588 1613 περὶ
1607 1537 1706 1615 ψυχῆς,
1724 1536 1821 1608 πιθανὴ
1847 1537 1985 1613 plumcul-

370 1609 441 1668 alibi
460 1611 497 1669 dc
510 1611 585 1670 ideis
594 1611 667 1670 dicit
679 1612 883 1692 philosophus,
897 1613 1062 1692 Metaphys.
1077 1611 1144 1685 lill,
1199 1618 1253 1686 λοῖς
1269 1610 1347 1692 ἧττον
1366 1623 1419 1680 τῶν
1432 1620 1595 1700 λεγομόνων,
1610 1621 1703 1701 λόγους
1717 1625 1742 1684 δ’
1764 1619 1857 1706 ιύοπερ
1877 1623 1983 1692 εὐθύνας

372 1719 398 1767 ι,
411 1719 428 1757 a
442 1720 449 1754 ι
466 1699 650 1778 Τεθρύλληται
663 1699 758 1783 γθρτδ
769 1699 855 1760 πολλὰ
864 1699 908 1760 καὶ
922 1701 974 1760 ὐπὸ
986 1703 1039 1759 τῷν
1054 1700 1146 1768 ἐξωτε-
1200 1708 1328 1766 δεδωκιιία
1347 1707 1395 1767 καλ
1411 1712 1466 1777 τοῖς
1480 1710 1507 1767 ἐν
1530 1713 1611 1790 κοινῷ
1623 1711 1786 1790 γιγνομόνοις
1799 1712 1888 1791 λόγοις
1901 1715 1981 1785 (eod.

369 1785 556 1863 ρικῶνλόγων,
572 1790 642 1848 satis
658 1807 762 1866 magna
778 1808 815 1848 ex
826 1789 968 1848 iisoritur
979 1788 1145 1868 probabili·
1200 1802 1254 1862 τοῖς
1272 1797 1300 1854 ἐν
1320 1799 1400 1878 κοινῷ
1411 1797 1587 1876 λεγομένοις)
1606 1799 1734 1880 ἁρμονίαν
1755 1800 1807 1881 γάρ
1821 1825 1883 1862 τινα
1902 1804 1981 1868 αὐτὴν

367 1888 421 1946 tas,
442 1895 509 1952 quae
521 1875 581 1952 jam
599 1897 690 1957 supra
709 1877 935 1937 memoravimus
948 1877 1048 1938 Procli
1066 1879 1144 1957 apud
1200 1884 1317 1961 λόγουοι,
1347 1884 1399 1944 uhi
1423 1887 1537 1964 antiqui
1559 1888 1734 1968 interpretes
1756 1890 1793 1948 ad
1812 1910 1907 1948 unum
1923 1913 1982 1950 om·

366 1961 508 2022 Joounem
520 1964 717 2043 philoponum
731 1965 820 2025 verba
833 1967 881 2048 (cf.
896 1966 973 2026 inira
985 1968 1145 2044 fragmenta
1200 1989 1251 2030 nes
1267 1971 1324 2032 hoc
1338 1974 1370 2033 iu
1384 1974 1510 2052 dialogis
1522 1976 1668 2037 Phaedone
1681 1991 1710 2036 et
1729 1978 1862 2039 Eudemo
1877 1981 1981 2040 factum

367 2049 477 2126 dialogi
498 2051 533 2110 de
547 2053 757 2132 Philosophia,
776 2065 810 2126 14
821 2055 843 2132 l,
860 2075 925 2112 curn
948 2054 1057 2133 quibus
1075 2077 1144 2115 con·
1199 2079 1263 2120 esse
1275 2063 1421 2122 affirmant
1433 2065 1487 2142 (ci.
1503 2064 1625 2124 Eudemi
1641 2067 1678 2128 fr.
1694 2068 1726 2144 8)
1743 2088 1752 2129 t
1768 2069 1811 2128 ita
1822 2083 1855 2128 ut
1866 2073 1920 2148 qui
1936 2086 1982 2130 aut

364 2139 532 2215 jungendus
539 2155 583 2201 est
593 2143 699 2201 similis
709 2143 796 2221 plane
809 2142 958 2202 Plutarchi
969 2144 1063 2217 locus,
1074 2145 1143 2206 adv.
1199 2147 1236 2207 de
1247 2151 1319 2211 solis
1331 2151 1553 2214 Platonicorum
1566 2154 1840 2235 sennonihus,'quae
1846 2171 1891 2216 est
1899 2158 1982 2218 Rosii

320 2245 324 2252 ·
370 2228 501 2286 Colorem
515 2248 539 2286 c.
557 2238 592 2297 14
609 2229 687 2296 ιΤός
705 2229 800 2308 γεμὴν
813 2229 895 2308 utne,
910 2231 971 2312 πιρῖ
985 2222 1022 2291 ὧν
1038 2233 1146 2311 ἐγκαλεῖ
1199 2240 1356 2313 sententia,
1381 2253 1431 2300 ant
1455 2241 1493 2299 dc
1519 2243 1559 2302 iis
1583 2243 1849 2323 disputationibus,
1878 2249 1982 2324 quales

368 2316 406 2392 τῷ
422 2315 557 2386 Πλάτωνι,
570 2322 709 2396 πανταχοῦ
723 2323 800 2378 κινῶν
815 2318 1079 2399 δ’λριετοτόλιςςκαῖ
1091 2330 1143 2379 πᾶ·
1199 2327 1333 2389 homines
1355 2329 1548 2407 elegantiores
1570 2332 1724 2392 instituere
1744 2334 1871 2405 soleant,
1890 2357 1981 2413 quam

369 2422 418 2458 εον
433 2400 538 2479 ἐπάγων
554 2403 667 2485 ἀπορίαν
682 2407 788 2484 αὐταῖς,
801 2410 827 2466 ir
843 2410 897 2475 τοῖς
911 2408 1010 2478 ἠθικοῖς
1029 2409 1145 2486 θπομνή·
1200 2426 1296 2475 tuetur
1321 2419 1595 2497 interpretationem
1625 2422 1807 2482 novissimus
1835 2423 1980 2484 librorum

372 2509 462 2563 μαειν,
479 2492 506 2548 όν
521 2497 574 2559 τοῖς
584 2493 761 2572 ρυσικοῖς,διόι
775 2501 828 2556 τῶν
836 2495 1143 2578 ἐξιπερικῶνδιαλόγοιν,
1199 2506 1365 2565 Aristotelis
1388 2507 1493 2579 editor,
1517 2506 1686 2582 Torstrick‚
1717 2513 1842 2588 cogitari
1866 2517 1979 2592 possit,

370 2577 576 2658 φιλονεικότερον
614 2581 689 2650 ἐνίοις
720 2581 845 2655 ἔδαξενῆ
873 2583 1081 2667 φιλοτιμότερον
1113 2591 1143 2648 ῖκ
1198 2593 1320 2651 minime
1339 2594 1475 2667 videam,
1503 2597 1664 2674 praesertim
1689 2619 1779 2678 quum
1805 2613 1836 2659 et
1862 2601 1980 2660 aliunde

371 2665 423 2720 τῶν
438 2665 574 2742 δογμάτων
596 2668 693 2728 τούτων
709 2674 744 2738 ὡς
758 2670 914 2750 προθέμενος
931 2671 980 2744 τὴν
1001 2675 1144 2744 Πλούτωνος
1201 2693 1314 2740 constet
1339 2683 1375 2741 de
1393 2683 1547 2743 harmonia
1565 2684 1745 2764 disputatum
1765 2689 1857 2750 hrisse
1876 2691 1909 2748 in
1929 2691 1981 2750 Eu-

371 2753 499 2830 ὑπεριδεῖν
525 2756 691 2838 φιλοσοφίαν·
716 2758 785 2818 ούτω
813 2761 915 2841 μακρδιν
946 2753 979 2834 ἦν
1014 2767 1061 2822 τοῦ
1080 2765 1144 2824 deo·
1198 2771 1284 2833 demo
1301 2771 1355 2849 (cl.
1380 2773 1414 2830 sr.
1430 2775 1448 2830 8
1463 2785 1493 2832 et
1508 2774 1754 2854 10).liectamen
1766 2778 1835 2838 ideo
1849 2785 1979 2840 exomni

367 2839 477 2902 locucio.
1198 2872 1280 2936 parte
1293 2862 1419 2939 probare
1432 2879 1563 2939 possum,
1575 2865 1684 2940 quaede
1697 2865 1829 2925 hocloco
1846 2881 1941 2943 acute,
1950 2885 1978 2929 ut

408 2927 453 2986 ab
461 2931 507 2989 his
515 2951 597 3006 vero,
605 2954 682 3012 quos
692 2935 843 3014 hucusque
853 2937 1145 3018 laudavimus,plane
1198 2948 1287 3022 solet,
1303 2948 1463 3028 disputavit
1482 2951 1622 3031 Bemays,
1636 2954 1668 3012 in
1688 2953 1768 3014 libro
1790 2959 1900 3038 saepius
1918 2959 1977 3036 jam

368 3013 484 3080 diversa
494 3021 622 3080 estratio
634 3022 692 3081 loci
713 3025 745 3083 in
768 3023 857 3086 libris
869 3026 1076 3106 Physicorum‚
1093 3032 1141 3105 Ν,
1198 3037 1335 3111 laudato,
1359 3059 1390 3117 p.
1420 3047 1454 3108 14
1477 3059 1531 3114 ss,
1558 3041 1628 3122 qui,
1654 3064 1744 3121 quum
1770 3047 1888 3122 egregie
1912 3050 1977 3107 Ari·

372 3121 417 3172 ro,
437 3123 447 3159 ι
464 3106 559 3181 obvii,
576 3107 640 3182 uhi,
651 3110 688 3169 de
698 3124 830 3192 tempore
840 3115 1005 3194 locuturus,
1026 3119 1067 3178 ite
1079 3124 1145 3182 Ari·
1197 3127 1310 3186 stotelis
1319 3126 1456 3185 vcrhaita
1463 3129 1647 3207 restituisset,
1660 3130 1753 3209 ejecto
1760 3147 1862 3214 aperto
1873 3138 1978 3212 glosse-

369 3190 485 3252 stoteles
500 3214 506 3248 :
527 3195 639 3274 Πρῶτον
654 3194 682 3255 δέ
691 3201 779 3267 καλῶς
790 3201 856 3281 ἔχει,
868 3204 974 3283 inquit,
984 3207 1143 3288 διαπορῆσαι
1198 3225 1273 3272 mate
1283 3231 1291 3272 ε
1303 3212 1358 3273 Καὶ
1373 3212 1440 3285 ἄλλη
1456 3213 1485 3273 δι’
1493 3239 1533 3283 τις
1548 3215 1609 3286 δόξα
1618 3219 1796 3300 παραδίδοται
1805 3222 1867 3304 περῖ
1880 3229 1975 3306 ψυχῆς,

366 3275 428 3351 περὶ
440 3279 572 3338 αὐτοῦκαὶ
582 3282 624 3342 διδ
635 3287 686 3342 τῶν
696 3283 955 3370 ἐξωτερικῶνλόγων,
967 3291 1079 3375 πότερον
1090 3301 1142 3358 τῶν
1197 3301 1295 3376 πιθανὴ
1315 3299 1363 3380 ph
1376 3305 1484 3372 πολλοῖς
1504 3307 1628 3384 οὐδεμιᾶς
1642 3299 1721 3380 ἧττον
1740 3313 1794 3370 τῷν
1808 3295 1973 3392 λεγομένοιν,

367 3360 448 3466 ἐνξωῖ
467 3366 536 3424 ἐστὶν
551 3368 568 3440 ἢ
582 3373 635 3430 τῶν
647 3371 684 3447 μὴ
701 3372 794 3449 ὄντων,
812 3372 868 3438 εἶτα
879 3380 947 3452 cisti
964 3383 1041 3464 γύαις
1052 3387 1142 3448 αὐτοῦ’.
1197 3391 1287 3471 ὥσπερ
1302 3389 1409 3459 εὐθύνας
1424 3391 1452 3452 δέ
1470 3393 1600 3455 δεδωκυῖα
1621 3398 1668 3456 καλ
1682 3401 1736 3467 τοῖς
1751 3401 1778 3457 ἐν
1796 3405 1876 3483 κοινῷ
1890 3428 1977 3482 γιγνο-

369 3449 426 3508 llic
439 3457 515 3512 enim
530 3476 584 3534 per
597 3458 763 3542 ἐξωτερικοῖς
775 3466 868 3545 λόγους
892 3485 990 3549 aperte
1004 3473 1056 3532 illa
1066 3475 1143 3536 desi·
1198 3477 1283 3556 μένοις
1303 3480 1405 3560 λόγοις,
1427 3482 1464 3540 de
1486 3484 1550 3543 solo
1565 3484 1696 3545 Eudemo
1713 3487 1763 3547 hic
1783 3491 1831 3568 agi
1856 3490 1977 3552 demon-

368 3551 455 3638 gnat,
468 3561 534 3618 quae
547 3546 610 3623 ipse
625 3567 679 3628 per
699 3564 790 3611 totum
805 3573 928 3633 sequens
950 3574 1037 3639 caput
1049 3582 1144 3643 expo-
1197 3581 1289 3628 strare
1309 3581 1428 3629 conatus
1442 3583 1502 3644 est,
1519 3572 1569 3631 sed
1584 3572 1803 3635 subsistendum
1828 3597 1895 3639 esse
1908 3597 1977 3660 puto

368 3639 439 3686 suit.
464 3629 530 3689 Alia
542 3652 659 3713 quoque
676 3657 771 3718 neque
788 3642 886 3702 minor
899 3645 967 3705 inde
981 3649 1076 3709 oritur
1088 3651 1143 3712 dil·
1196 3653 1228 3715 in
1244 3656 1283 3715 iis
1293 3678 1358 3735 quae
1371 3677 1407 3717 ex
1419 3659 1586 3738 antiquiore
1596 3665 1699 3741 procul
1720 3663 1813 3724 dubio
1827 3689 1976 3730 commen-

369 3713 499 3790 flcultas,
514 3721 593 3797 quod
607 3735 636 3780 et
652 3725 684 3782 in
703 3726 741 3786 iis
757 3729 890 3808 scriptis,
906 3753 990 3811 quae,
1004 3737 1059 3796 etsi
1076 3760 1142 3799 cum
1197 3745 1272 3802 tario
1287 3745 1323 3804 ad
1334 3746 1412 3806 hunc
1423 3748 1519 3806 locum
1537 3751 1662 3828 protulit
1675 3752 1847 3830 Simplicius
1860 3757 1912 3814 iol.
1930 3770 1974 3829 14,

367 3801 549 3866 Aristoteleis
558 3810 714 3889 cohaercnt,
727 3815 816 3875 alium
830 3831 925 3880 tamen
937 3836 1084 3883 auctorem
1094 3827 1143 3886 ha·
1196 3832 1221 3888 Α
1240 3830 1300 3912 (cf.
1315 3833 1349 3892 fr.
1364 3835 1401 3911 8)
1416 3856 1422 3891 :
1439 3833 1534 3908 itaut,
1551 3838 1631 3916 quod
1653 3853 1681 3898 et
1699 3840 1734 3900 de
1748 3839 1913 3925 ἐξωτερικοῖς
1930 3848 1976 3906 λα’-

366 3887 437 3949 here
453 3895 636 3956 manifestum
657 3914 711 3974 est,
727 3903 875 3983 ἐξωτερικαὶ
896 3908 968 3988 λόγοι
988 3913 1143 3974 nominari·
1198 3941 1254 3997 γοις
1276 3921 1364 3996 valet,
1385 3923 1579 4003 philosophus
1603 3930 1737 3990 consulto
1757 3933 1901 4009 loquendi
1928 3955 1976 4012 ge

366 3988 423 4036 tur.
449 3980 511 4041 lloe
530 3986 646 4048 duobus
658 3990 731 4052 locis
743 3993 775 4052 in
788 3993 955 4056 Ethicorum
975 3998 1072 4074 libris,
1091 4004 1142 4082 qui
1196 4029 1265 4070 nore
1279 4030 1347 4072 usus
1356 4033 1419 4073 esse
1433 4013 1645 4078 existimandus
1655 4019 1704 4091 sit,
1720 4021 1812 4100 quod,
1827 4044 1922 4101 quum
1936 4030 1975 4083 la-

367 4069 501 4132 Eudemii
516 4089 666 4149 vocantur,
693 4084 796 4140 lactum
818 4097 878 4161 est,
899 4105 1023 4162 quorum
1040 4092 1141 4169 priore
1196 4098 1255 4158 tius
1272 4114 1395 4178 pateret,
1418 4123 1477 4162 non
1491 4104 1586 4164 solum
1602 4126 1676 4184 quos
1704 4107 1769 4188 ipsc
1790 4113 1975 4190 populariter

366 4150 438 4262 ¹28,
456 4156 491 4228 5,
505 4157 558 4218 ubi
572 4159 680 4238 haecde
693 4166 767 4228 ideis
782 4171 835 4230 :El
852 4171 879 4231 dl
894 4173 934 4232 δεῖ
947 4177 1082 4254 συντόμως
1099 4181 1141 4238 εἰ·
1195 4191 1406 4268 conscripserat
1419 4190 1522 4264 libros,
1547 4193 1598 4253 sed
1611 4208 1640 4254 et
1660 4196 1784 4256 aliorum
1801 4202 1974 4280 complecte-

365 4263 423 4300 πειν
448 4245 509 4321 περὶ
532 4249 631 4324 αὐτῶν,
650 4251 761 4330 λέγομεν
776 4255 816 4317 ότι
833 4262 937 4340 πρῶτον
952 4263 1000 4340 μὲν
1014 4263 1046 4324 ch
1070 4256 1140 4327 εἶναι
1195 4287 1275 4333 retur
1289 4275 1337 4356 (ι).

366 4328 436 4389 ἰδέαν
450 4331 487 4407 μὴ
508 4335 586 4406 μόνον
596 4341 695 4416 ἀγαθοῖν
710 4343 779 4404 titi
790 4345 837 4406 καῖ
851 4347 931 4408 ἄλλον
945 4354 1051 4412 ὁτουοῦν
1065 4353 1138 4433 λε’γι·

365 4437 409 4526 τιμ
428 4419 537 4526 λαγικῷς
553 4424 598 4484 καλ
619 4432 709 4497 κενῶς·
723 4432 883 4496 ἐπέσκεπται
902 4437 931 4496 δέ
946 4441 1052 4509 πολλοῖς
1077 4444 1138 4524 περὶ
1222 4489 1251 4545 U,
1260 4490 1346 4537 mm
1358 4503 1384 4537 η
1391 4495 1535 4552 quodum,
1546 4497 1696 4546 omnum
1705 4501 1741 4545 ὅ,
1750 4503 1830 4548 „ms
1839 4505 1972 4553 mnis

366 4526 445 4606 rufos
461 4529 566 4586 τρυποιτ
588 4515 633 4572 καὶ
649 4519 675 4574 ἐν
692 4522 745 4584 sois
760 4519 921 4602 ἐξωτερικοῖς
945 4525 1030 4605 λόγοις
1050 4529 1095 4586 καὶ
1113 4533 1140 4590 ἐν
1194 4553 1217 4597 ιι
1235 4551 1265 4597 ου
1283 4554 1412 4600 imaum
1431 4557 1621 4615 interpretamus
1640 4562 1807 4619 menuctus.
1826 4567 1854 4612 c
1872 4568 1972 4624 τιουι,

366 4613 419 4659 τοις
456 4595 516 4672 περὶ
547 4599 718 4682 φιλοσοφίας,
745 4607 819 4669 illud
852 4612 952 4672 saltem
988 4615 1139 4691 docemur,
1195 4614 1271 4659 lm*
1293 4615 1406 4673 tulum·
1428 4620 1509 4675 ratu,
1529 4624 1593 4676 ¹⁸⁰⁶·
1608 4625 1627 4668 ¹·
1641 4623 1675 4676 ¹¹·
1698 4636 1722 4680 r·
1744 4632 1795 4681 ¹⁹⁹·
1812 4629 1972 4690 Μουθτίο,

365 4679 436 4756 quid
461 4682 493 4740 in
517 4681 573 4743 hoc
598 4686 714 4751 dicendi
737 4715 843 4772 genere
868 4697 1030 4781 ἐξωτερικοῖς
1055 4704 1141 4785 λόγοις
1194 4677 1718 4810 ffifflggsdiimhssiffwffi
1734 4691 1880 4801 Ὧιιύῗεπύ
1890 4697 1971 4802 eiem

365 4781 550 4873 opponatur..
563 4773 647 4877 llunc
672 4799 745 4880 vero
759 4804 819 4845 non
841 4787 938 4849 minus
960 4810 1046 4868 quam
1067 4793 1141 4855 alte-
1193 4804 1499 4863 temwuflwlfflwtwts
1515 4759 1699 4884 Ιθθθθΰθθνοῑῐθέ
1719 4765 1971 4891 ύθῖῑωθθθξῑθθδιθύ

365 4873 438 4929 ιιιιιι,
468 4878 520 4935 qut
541 4875 628 4923 initio
644 4879 739 4934 statim
765 4873 836 4933 libri
864 4879 984 4939 secundi
1007 4881 1138 4959 legitur:
1193 4867 1969 4998 fflmfflfffuffss'fffflffffiffifflffiffi

365 4940 459 5002 Πάντα
476 4943 508 5018 δὴ
533 4951 669 5029 'illidii
689 4956 761 5025 3²³5<
783 4960 844 5034 ἢέν
867 4969 950 5048 ψυχῇ,
976 4969 1139 5030 καὶτούτων
1192 4999 1253 5044 quos
1269 4991 1398 5046 nominavi,
1413 4993 1479 5039 rtxa
1495 4995 1669 5053 melmpetrare
1681 4999 1767 5054 poterit
1782 5003 1917 5049 auctoritas.
1936 5007 1971 5051 tte

363 5031 520 5114 αἱρετώτερα
535 5035 568 5096 τὰ
581 5040 655 5121 ἐντῇ
672 5046 756 5126 ψυχῇ,
771 5050 890 5132 καθάπερ
905 5055 1074 5136 διαιρούμεθα
1091 5060 1136 5118 καῖ
1193 5051 1254 5096 “¹¹¹³
1276 5052 1335 5098 ΠΜ
1354 5053 1475 5109 obsidam,
1489 5055 1561 5102 ΨΜ
1580 5058 1724 5120 simplior<
1748 5057 1826 5121 l⁶t⁰¹t
1847 5074 1862 5108 ⁸
1885 5076 1969 5110 m·

1193 5113 1279 5168 pllonls
1288 5115 1389 5171 quadan
1399 5118 1529 5174 suspicione
1542 5119 1671 5168 llhersnon
1685 5134 1741 5177 esse,
1756 5125 1846 5183 nutpps
1861 5130 1969 5185 proqui-

363 5121 388 5178 ἐν
415 5129 467 5188 τοῖς
488 5121 649 5206 ἐξωτερικοῖς
670 5133 766 5214 λόγοις,
792 5158 881 5216 quum
901 5146 1031 5205 exomni
1060 5161 1142 5226 parte
1194 5175 1238 5222 bus
1260 5177 1284 5222 ιο
1308 5177 1360 5224 cod.
1386 5180 1458 5226 vanc,
1483 5186 1533 5227 ,ους
1555 5183 1578 5227 ος
1598 5183 1661 5239 ,μου
1679 5186 1790 5232 munem
1810 5189 1977 5246 philoponum.
