4134 6134
816 448 1072 512 RESPUbblCAE.

130 580 208 655 gitur,
233 575 298 656 ἰδίᾳ,
319 577 386 636 vitii
405 590 500 636 tarmen
525 577 637 656 aliquid
655 591 685 638 et
704 578 754 638 bic
772 579 891 641 subesse

130 668 281 742 suspicatus
303 677 347 724 est
365 665 560 740 Bernaysius,
577 666 647 744 qui,
665 679 697 726 ut
713 667 805 744 solet,
826 690 893 728 acu·

130 755 228 813 tissime
240 753 277 811 tle
289 752 405 812 Politiis
421 753 583 831 disputavit
596 754 628 813 in
649 757 809 817 llltet'm'sclt.
827 760 893 814 Mtt-

127 862 197 898 scton
215 846 251 903 Ν.
269 844 369 918 Folge,
385 853 407 900 t.
421 838 486 912 Vll,
504 861 534 920 p.
550 843 608 899 286
620 861 686 920 sqq.
701 842 825 919 Egregia
837 845 892 920 igi·

130 944 172 986 tur
194 927 358 1006 conjectura
386 928 481 986 locum
508 931 622 988 sanavit
648 950 704 1008 pro
732 929 803 1011 ἰδίᾳ,
828 931 892 991 ἴδιοι

129 1016 275 1074 scribendo
289 1029 316 1076 et
330 1014 475 1076 vocabulo
493 1016 653 1077 somniante
666 1017 712 1078 καί
726 1018 891 1088 inserendo,

127 1106 163 1164 ita
180 1117 209 1163 ut
222 1105 284 1183 jam
306 1103 463 1164 habeamus
474 1105 540 1171 ἰδίοις
557 1105 690 1173 soltreia<
704 1125 776 1186 quas
795 1107 893 1175 κοιναῖς

126 1211 305 1272 opponamus,
324 1191 373 1252 bis
387 1194 464 1273 apud
478 1195 737 1273 llarpocrationem
756 1195 891 1270 laudatis,

126 1280 247 1362 ’Ἀρκάδων
263 1280 375 1342 scilicet
386 1295 414 1341 et
431 1284 577 1342 θεοσοιλῶν
596 1303 620 1342 s.
636 1305 665 1342 r.
679 1282 778 1362 Μύριοι
796 1285 824 1343 ir
836 1284 892 1344 hle·

125 1367 189 1446 γᾶλῃ
202 1367 277 1426 nahts
293 1380 322 1426 et
341 1367 505 1449 Τιτρορχίιι.
524 1369 628 1430 Verum
648 1371 701 1430 hae
722 1371 893 1433 difficultate

127 1456 243 1515 feliciter
257 1454 372 1515 sublata
393 1457 485 1521 altera
495 1461 554 1532 jam
568 1472 656 1518 restat
676 1479 768 1538 eaque
782 1465 891 1536 gravis·

123 1544 202 1602 sima.
211 1544 302 1613 Quam
315 1557 411 1604 mmen
421 1565 509 1623 quum
525 1548 556 1605 in
568 1548 631 1607 solo
645 1547 789 1607 vocabulo
802 1571 893 1626 rapar-

123 1630 190 1689 uxel
199 1633 321 1710 positam
333 1630 527 1693 arbitraretur
543 1636 729 1711 beruaysius,
746 1655 850 1696 vereor
860 1651 893 1696 ut

124 1739 233 1778 omnem
246 1719 456 1780 dubitationem
478 1720 572 1780 dehis
590 1722 691 1782 verbis
707 1722 893 1803 penitusdis-

121 1809 248 1868 cusscrit.
263 1807 341 1878 Quid
360 1809 447 1879 enim,
474 1809 529 1867 hoc
550 1811 626 1880 loco,
643 1823 749 1888 praeter
762 1812 891 1888 priorem

120 1897 198 1954 illam
217 1894 394 1956 divisionem
406 1900 435 1954 in
448 1895 515 1962 tatae
528 1910 556 1954 et
570 1897 666 1968 κοινάς,
680 1898 771 1956 altera
785 1898 815 1956 in
829 1917 892 1957 res-

118 1983 251 2062 publicas
273 1983 493 2056 democratiam,
515 1983 724 2062 oligarchicas,'
743 1985 895 2044 aristocra·

118 2073 198 2148 tices,
219 2071 278 2132 sibi
297 2071 369 2132 relit
380 2073 500 2131 minime
514 2071 647 2150 equidem
661 2071 818 2152 perspicio.
833 2072 892 2131 lta·

117 2180 174 2236 que
202 2160 289 2238 plane
311 2179 375 2218 cum
398 2159 431 2217 C.
452 2159 574 2246 hliillero
595 2161 703 2236 sentio,
722 2160 803 2220 illam
820 2162 894 2220 male

118 2248 173 2306 huc
202 2261 322 2325 propter
344 2247 468 2305 Politice
484 2247 592 2306 illatam
619 2267 681 2306 esse
700 2249 891 2310 existimanti.

116 2335 161 2395 Cs.
190 2335 302 2410 Fragor.
323 2335 400 2396 llist.
419 2355 464 2412 gr.
487 2348 507 2395 t.
528 2334 567 2409 ΙΙ,
592 2356 622 2414 p.
647 2345 712 2404 rol.
730 2335 844 2396 Etenim
867 2339 893 2396 si

117 2424 217 2500 equales
239 2422 349 2482 luerint
371 2424 537 2482 Aristotelis
560 2425 671 2483 Politiaa
694 2442 731 2482 er
749 2425 823 2504 ipsis
846 2445 893 2484 su·

115 2510 289 2589 perstitibus
312 2509 478 2586 sragtuentis
491 2529 593 2570 eruere
604 2511 785 2585 conabimur,
806 2532 895 2592 appa·

115 2600 191 2658 rebit
202 2601 265 2677 jam
280 2598 401 2679 minime
413 2598 444 2659 in
458 2613 650 2658 concreatum
664 2599 751 2660 luisse
763 2599 893 2678 philoso-

115 2688 206 2765 phum
222 2700 256 2746 ut
267 2685 399 2762 singulas
408 2686 541 2744 civitates
553 2686 711 2745 secundum
724 2687 894 2765 reipublicae

112 2794 219 2850 genera
231 2795 292 2852 quo
312 2773 434 2832 definito
450 2773 576 2850 quodam
595 2786 735 2852 tempore,
752 2774 835 2833 idest
847 2777 892 2855 ip-

113 2863 175 2920 sius
187 2860 364 2938 philosophi
373 2871 467 2932 aetate,
479 2873 641 2932 uterentur,
662 2860 698 2918 ad
710 2875 802 2920 certas
811 2881 893 2940 quas·

111 2951 178 3006 clam
192 2951 304 3008 classes
314 2961 471 3006 revocaret.
486 2947 544 3007 Nec
558 2949 650 3024 magis
664 2949 820 3028 probandae
832 2969 895 3010 esse

110 3038 256 3096 ridentur
268 3055 369 3095 eorum
383 3035 539 3112 opiniones
553 3040 603 3113 qui
617 3037 731 3109 siae,ut
745 3057 762 3096 a
781 3037 895 3098 Joannc

109 3125 296 3204 Philopono‚
318 3123 384 3182 loco
399 3143 489 3201 supra
509 3125 638 3197 laudato,
661 3124 837 3198 factumest,
860 3145 894 3185 eo

109 3233 207 3290 usque
239 3211 389 3291 progressi
406 3224 485 3285 sunt,
506 3225 539 3270 ut
563 3211 743 3270 affirmarent
765 3213 895 3290 philoso-

108 3305 202 3379 phum
221 3299 376 3360 ostendere
389 3299 531 3372 uoluisse,
556 3299 627 3377 quid
650 3303 681 3357 in
699 3319 816 3378 quoque
836 3304 894 3360 rei·

106 3389 242 3465 publicae
266 3405 370 3464 genere
395 3387 578 3462 fugiendum,
598 3386 708 3464 quidve
721 3387 893 3448 imitandum

106 3489 201 3547 esset,
219 3475 286 3534 sive
305 3473 357 3550 qui
372 3473 535 3532 arctissimo
554 3473 675 3532 vmculo
690 3473 809 3533 Politias
828 3496 894 3534 cunr

107 3563 252 3622 Politicis
274 3560 442 3639 conjunctas
466 3581 528 3620 esse
557 3560 781 3632 contenderent,
804 3563 894 3622 simili

106 3655 199 3731 plane
224 3627 314 3710 niodo
337 3671 396 3728 quo
420 3651 496 3709 inter
521 3670 552 3709 se
578 3650 741 3710 cohaereant
760 3649 896 3711 Historiae

106 3741 299 3800 hnitnalium
326 3758 391 3798 cum
420 3737 506 3797 libris
530 3737 566 3797 de
592 3737 787 3797 Generatione
809 3738 896 3799 etde

105 3828 257 3887 Partibus
273 3826 453 3886 animalium.
469 3825 555 3894 Quod
576 3827 661 3903 plane
682 3825 767 3884 aliter
790 3845 821 3885 se
844 3826 893 3886 ha·

103 3914 212 3974 buisse
229 3925 318 3990 atque
332 3912 383 3972 isti
408 3912 546 3981 sentiunt,
568 3913 710 3990 optimum
729 3925 829 3972 testem
849 3917 894 3994 ip·

102 4023 171 4080 sum
190 4001 381 4060 Aristotelem
397 4000 528 4079 prolerre
543 3999 622 4071 licet,
638 4001 748 4078 quippe
760 4002 811 4078 qui
825 4022 894 4061 nus·

101 4109 199 4165 quam
235 4089 268 4146 in
296 4101 363 4146 octo
392 4087 584 4147 Politicorum
614 4086 702 4148 libris
729 4106 765 4146 ne
802 4089 894 4150 verbo

101 4177 234 4252 quidem
254 4173 426 4234 Politiarum
441 4175 617 4233 mentionem
632 4173 787 4252 injecerit,
800 4196 890 4253 quum

99 4278 214 4322 contra
239 4263 399 4340 saepissime
421 4263 452 4322 in
474 4261 561 4322 libris
583 4281 658 4340 quos
678 4262 894 4324 nominavimus

101 4353 267 4411 llistorias
288 4349 467 4409 Animalium
488 4348 630 4409 laudavit.
661 4353 705 4407 De
736 4351 895 4427 quaestione

99 4442 207 4518 igitur
227 4439 382 4518 qualenam
398 4451 599 4516 argumentum
620 4438 791 4496 Potitiorum
808 4439 895 4498 fuerit

97 4531 242 4588 minime
256 4525 416 4586 audiendos
432 4545 495 4586 esse
509 4540 580 4605 puto
602 4539 712 4584 veteres
727 4525 893 4605 philosophi

94 4618 310 4696 interpretes,
335 4628 441 4694 praeter
460 4633 551 4673 untrm
571 4627 671 4686 ,tamen
700 4613 778 4692 apud
807 4633 893 4692 quem

1660 455 1715 514 ret

947 583 1111 660 antiquiori
1130 595 1160 640 et
1172 582 1302 658 grammi
1323 580 1449 658 quodam
1463 595 1579 641 auctore
1591 583 1719 656 llttrisse,

947 671 1227 748 similitudinemque
1258 668 1404 747 quandam
1432 671 1509 728 inter
1536 671 1721 731 Aristotelem

947 760 1070 821 Politias
1078 772 1107 818 et
1116 757 1178 818 Bias
1188 756 1318 823 Ἑλλάδος
1328 757 1499 828 Dicaearchi,
1509 758 1722 836 cujussingolae

948 860 1046 928 partes
1062 848 1181 905 sortasse
1195 845 1372 904 Politiarum
1387 846 1507 904 nomine
1525 847 1664 921 citantur,
1678 862 1720 906 at·

947 956 1005 1014 que
1024 933 1157 993 Clearchi
1181 933 1310 992 Solensis
1331 932 1407 1000 Βίους
1430 935 1646 994 intercessisse?
1666 938 1722 1000 Cui

947 1022 1099 1082 sententia
1120 1019 1206 1078 iidem
1219 1019 1390 1078 conciliabit
1409 1041 1474 1078 com
1495 1021 1720 1096 fragmentorum

947 1108 1128 1179 similitudo,
1153 1119 1213 1166 tum
1237 1106 1412 1165 varroniani
1434 1107 1536 1185 scripti
1558 1109 1659 1170 titulos
1686 1113 1722 1170 ad

923 1229 924 1232 ¹
947 1197 1116 1257 Graecorum
1148 1195 1339 1254 imitationem
1369 1196 1524 1272 compositi
1556 1217 1562 1252 :
1591 1202 1633 1254 De
1660 1209 1722 1256 aito

944 1290 1045 1361 populi
1079 1289 1199 1342 llomani
1224 1286 1258 1344 ll.
1284 1286 1341 1342 IV.
1369 1281 1415 1340 (Ξῖ.
1446 1281 1573 1359 Catalog.
1600 1305 1720 1363 operum

946 1372 1086 1432 Varronis
1102 1373 1133 1430 in
1146 1375 1299 1448 Spict'lcgio
1313 1372 1490 1441 Soleo-menri,
1507 1383 1528 1430 ι.
1547 1376 1602 1446 Ill,
1618 1393 1648 1451 p.
1665 1377 1721 1432 312

947 1473 975 1519 et
991 1459 1149 1535 fragmenta
1163 1457 1199 1516 ad
1212 1459 1320 1517 calcem
1337 1456 1475 1516 editionis
1492 1458 1667 1536 Bipontinae.

988 1547 1053 1604 llaec
1081 1547 1107 1605 si
1134 1559 1234 1604 nostra
1255 1545 1436 1628 comparatio
1460 1544 1635 1621 probabitur
1657 1547 1718 1624 jam

948 1636 1039 1694 multo
1053 1631 1395 1711 dilucidius'apparebit‚
1417 1633 1564 1710 quomodo
1577 1634 1614 1692 de
1633 1636 1718 1694 Aris·
1817 1630 1819 1634 ¹

947 1723 1052 1781 toteleo
1081 1740 1168 1798 opere
1190 1719 1382 1799 judicandum
1416 1720 1464 1778 sit.
1487 1719 1568 1778 Patet
1589 1721 1666 1779 enim
1690 1725 1721 1782 in

946 1811 1072 1886 singulis
1094 1809 1211 1868 Politiis
1239 1807 1393 1883 diligenter
1415 1808 1536 1866 collecta
1551 1822 1585 1874 ¹et
1606 1823 1723 1870 enotata

948 1899 1037 1960 luisse
1051 1917 1232 1976 quaecunque
1254 1898 1291 1955 ad
1305 1896 1448 1974 cujusque
1466 1898 1596 1956 civitatis
1619 1901 1719 1972 situm,

948 1988 1111 2064 originem,
1125 1988 1319 2058 incrementa,
1337 1986 1486 2058 instituta,
1502 1986 1596 2062 leges,
1611 2008 1717 2061 mores,

951 2077 1151 2151 magistratus,
1170 2074 1327 2151 religiones
1341 2073 1514 2132 illustranda
1532 2077 1720 2151 pertinerent.

947 2164 1050 2240 ltaque
1064 2164 1168 2223 lactum
1181 2175 1234 2234 est,
1252 2174 1285 2220 ut
1301 2161 1460 2236 fragmenta
1472 2180 1554 2237 paene
1571 2165 1669 2221 omnia
1683 2167 1719 2224 ad

948 2265 1040 2312 certas
1049 2251 1134 2329 quasi
1146 2252 1249 2309 classes
1267 2248 1399 2307 revocari
1417 2249 1541 2326 possint.
1555 2249 1672 2329 Quippe
1686 2254 1716 2310 in

947 2339 993 2398 his
1003 2340 1150 2417 precipue
1164 2349 1320 2397 versantur
1341 2358 1347 2392 :
1365 2339 1400 2395 ln
1415 2335 1585 2394 enarrandis
1598 2338 1718 2398 urbium

946 2428 1044 2488 initiis
1052 2427 1216 2504 fabulisque
1230 2424 1429 2502 cujuscunque
1439 2425 1554 2499 generis
1568 2425 1604 2483 dc
1617 2446 1718 2485 earum

948 2514 1152 2575 conditoribus
1167 2512 1340 2583 afferendi„
1360 2511 1391 2568 in
1412 2510 1596 2588 explicandis
1620 2532 1718 2572 earum

947 2600 1117 2660 nominibus
1129 2613 1159 2659 et
1171 2601 1244 2672 situ;
1259 2600 1290 2658 in
1300 2599 1526 2677 interpretandis
1538 2599 1721 2660 obsoletiori·

947 2688 1003 2748 bus
1020 2701 1049 2748 et
1063 2689 1160 2746 minus
1174 2687 1299 2763 cognitis
1310 2686 1476 2760 vocabulis,
1492 2688 1523 2746 in
1535 2692 1720 2748 enarratione

948 2775 1191 2854 proverbiorum;
1212 2776 1244 2833 in
1262 2774 1434 2833 delinitione
1452 2775 1636 2850 singulorum
1660 2797 1718 2835 ma-

948 2865 1132 2940 gistratuum,
1145 2861 1337 2938 judiciorum,
1350 2880 1502 2920 ntuaerum
1514 2861 1718 2938 publicorum,

948 2951 980 3008 in
991 2947 1245 3009 dissertationibus
1261 2948 1298 3007 de
1312 2948 1439 3007 nummis
1450 2961 1479 3006 et
1500 2951 1644 3009 mensuris
1655 2953 1720 3010 coi·

948 3057 1005 3115 que
1018 3036 1085 3096 urbi
1106 3034 1315 3114 peculiaribus.
1329 3034 1445 3105 Quibus
1457 3037 1483 3094 si
1499 3037 1647 3096 addideris
1666 3039 1717 3098 ob-

948 3128 1128 3186 servationes
1138 3125 1279 3203 quasdam
1292 3124 1327 3183 de
1341 3144 1373 3184 re
1383 3125 1520 3196 naturali,
1532 3125 1716 3204 publicorum

949 3227 1202 3274 monumentorum
1216 3213 1367 3284 notitiam,
1382 3213 1550 3271 memoriam
1565 3216 1719 3292 praeclaro·

949 3323 1012 3362 rum
1028 3303 1224 3379 inventorum,
1233 3300 1295 3379 jam
1309 3301 1408 3360 omnia
1421 3313 1507 3359 erunt
1521 3312 1591 3379 puto
1601 3300 1638 3360 de
1652 3306 1719 3380 qui-

951 3391 1005 3450 hus
1028 3391 1058 3450 in
1084 3390 1198 3450 Politiis
1220 3389 1342 3448 relatum
1370 3401 1441 3448 erat.
1464 3388 1564 3466 Neque
1582 3388 1614 3446 in
1635 3409 1669 3448 ca
1689 3412 1721 3448 ra

949 3478 1033 3536 aliter
1057 3478 1150 3535 lacere
1168 3495 1286 3554 possum
1302 3474 1373 3553 quin
1390 3495 1406 3532 a
1424 3476 1458 3534 (2.
1475 3475 1599 3534 liliillero
1613 3475 1720 3535 dissen-

948 3566 1016 3622 tiam
1028 3609 1037 3636 ,
1051 3565 1102 3640 qui
1116 3582 1207 3640 quum
1221 3563 1265 3623 l.l.
1282 3564 1442 3621 rectissime
1457 3562 1602 3622 laudasset
1622 3591 1634 3614 ι
1649 3565 1720 3622 sim-

948 3654 1109 3729 plicitatem
1123 3664 1210 3729 atque
1228 3651 1342 3727 antiqui
1357 3653 1413 3708 acri
1440 3651 1610 3709 cruditatem
1632 3672 1717 3728 quam

949 3762 1009 3820 prae
1023 3761 1055 3800 se
1067 3741 1162 3798 lerunt
1172 3740 1353 3798 narrationes
1367 3758 1383 3796 e
1399 3737 1515 3797 Politiis
1533 3751 1686 3815 excerptae,
1705 3767 1717 3791 ι

953 3830 1013 3888 haec
1028 3829 1141 3888 addidit
1161 3849 1169 3889 :
1193 3855 1205 3879 ιι
1227 3827 1291 3885 Νοιι
1308 3828 1466 3885 excludunt
1478 3826 1539 3884 haec
1555 3845 1620 3884 acre
1635 3839 1720 3902 atque

949 3919 1099 3996 perspicax
1108 3916 1144 3974 de
1154 3917 1191 3975 iis
1198 3915 1286 3974 rebus
1294 3914 1451 3992 judicium.
1461 3941 1473 3964 ι
1487 3913 1572 3983 Quod
1579 3914 1670 3984 enim,
1680 3917 1717 3988 si,

948 4019 979 4063 ut
993 4006 1042 4063 vir
1064 4003 1249 4062 doctissimus
1270 4002 1428 4060 arbitratus
1441 4014 1502 4071 est,
1519 4001 1560 4059 ita
1573 4019 1675 4060 revera
1690 4022 1720 4061 se

949 4089 1113 4167 habuisset,
1138 4090 1268 4168 prolecto
1291 4089 1355 4166 ejus
1380 4091 1422 4146 rei
1445 4088 1618 4146 documenta
1644 4092 1719 4148 inter

949 4177 1109 4252 fragmenta
1131 4189 1287 4235 exstarent.
1308 4178 1379 4245 Quae
1409 4189 1502 4233 autem
1529 4194 1618 4252 quum
1640 4178 1721 4236 nulla

947 4263 1013 4330 sint,
1041 4277 1072 4321 ut
1086 4263 1149 4342 ipse
1162 4263 1266 4321 latetur
1285 4262 1444 4335 lliillerus,
1460 4261 1521 4338 jam
1537 4261 1721 4340 probabilior

946 4351 1093 4429 sequenda
1106 4352 1162 4410 erit
1174 4352 1296 4430 opinio,
1319 4351 1453 4410 consulto
1468 4351 1529 4410 haec
1544 4350 1581 4409 ab
1603 4353 1718 4411 Aristo·

948 4439 1002 4497 tele
1027 4439 1135 4499 omissa
1163 4458 1226 4498 esse
1249 4439 1381 4516 nihilque
1414 4437 1494 4496 aliud
1517 4439 1607 4514 igitur
1631 4438 1720 4498 luisse

948 4526 1090 4600 Politias,
1132 4539 1165 4585 ut
1192 4539 1221 4584 et
1255 4540 1349 4586 cetera
1384 4527 1522 4584 historica
1553 4524 1719 4585 Aristotelis

948 4615 1073 4694 scripta,
1100 4615 1159 4674 nisi
1186 4635 1264 4674 mera
1286 4613 1474 4681 collectanea,
1492 4625 1521 4672 et
1540 4611 1658 4688 quidem
1679 4614 1720 4670 ita

948 4717 1098 4778 congesta,
1124 4716 1158 4760 nt
1178 4722 1215 4762 ne
1239 4703 1409 4762 continuum
1430 4701 1548 4779 quidem
1563 4718 1638 4778 opus
1651 4700 1720 4759 elle·
1816 4726 1822 4740 ·

948 4793 1061 4864 cerint,
1092 4792 1143 4851 sed
1167 4791 1366 4852 tantummodo
1387 4791 1533 4870 excerptis
1554 4801 1583 4847 et
1606 4789 1720 4848 notitiis

947 4879 1146 4958 cujuscunque
1176 4882 1307 4958 generis,
1334 4881 1416 4939 nullo
1446 4880 1573 4938 arctiore
1601 4878 1720 4936 vinculo

947 4968 1024 5027 inter
1042 4988 1073 5028 se
1087 4968 1301 5028 cohaerentibus
1314 4981 1488 5028 constarent
1503 4967 1537 5025 ln
1549 4966 1636 5024 talem
1650 4985 1719 5024 vero

948 5056 1116 5133 opinionem
1134 5057 1170 5114 de
1195 5058 1360 5116 Aristotelis
1375 5057 1490 5114 Politiis
1512 5070 1543 5114 ut
1565 5057 1717 5132 peruenia-

949 5162 1029 5216 mus,
1048 5145 1133 5222 plura
1144 5157 1211 5204 sunt
1225 5164 1291 5222 quae
1304 5164 1356 5202 nos
1373 5156 1558 5223 permovent.
1571 5141 1626 5199 Fac
1641 5141 1718 5199 enim

948 5231 1150 5304 Aristotelem,
1165 5245 1198 5290 ut
1212 5231 1384 5310 plerumque
1397 5231 1539 5291 creditum
1553 5242 1614 5308 est,
1630 5227 1719 5288 histo·

95 4707 242 4764 tortasse
265 4702 390 4762 sanioris
404 4702 515 4761 notitiae
536 4701 658 4776 vestigia
677 4699 893 4780 deprehendere

93 4791 229 4852 licebit.
257 4789 371 4850 Etenim
389 4809 478 4868 quum
504 4788 583 4868 apud
600 4789 785 4866 Anonymum
806 4807 895 4866 supra

88 4883 162 4958 jam
183 4878 361 4952 laudatum,
385 4878 449 4956 qui,
468 4889 541 4936 teste
565 4875 665 4950 llosio,
688 4875 895 4954 Olympiodori

93 4971 128 5027 in
157 4965 335 5044 Porphyrii
349 4966 490 5043 isagogen
503 4964 740 5024 commentarium
753 4963 894 5040 recoquit,

90 5060 165 5116 haec
195 5057 339 5131 legantur
360 5053 452 5116 verba
474 5055 506 5112 in
522 5053 588 5113 cod.
608 5053 699 5112 Paris.
724 5051 799 5130 ¹9³9
817 5051 837 5112 l.
856 5052 890 5110 51

91 5160 188 5205 recto
207 5167 216 5204 τ
237 5143 413 5213 Πολιιιίας...
428 5133 464 5202 ὧν
482 5141 643 5224 ιἰνιγράφιτο
659 5139 704 5200 τὸν
717 5137 783 5220 βίον,
797 5159 895 5198 nonne

85 5236 160 5311 jam
189 5231 353 5312 probabile
373 5233 405 5290 lit
424 5231 486 5290 haec
513 5253 521 5288 ι
540 5228 700 5312 ἀνιγροίφιτο
720 5228 765 5288 τὸν
786 5227 842 5308 βίον
857 5247 894 5288 ex
