4134 6134
828 689 1047 748 rhamno.
1567 714 1602 758 ιι
1702 769 1707 780 ,

279 845 318 893 se
331 844 419 892 vero
435 835 601 918 rogatum
614 824 750 892 Mosem
768 822 917 910 hovam,
935 819 1115 892 medicum
1130 821 1330 918 quemdam
1340 826 1513 922 Cyprium
1528 827 1598 898 liu·

278 969 354 1038 guae
371 943 521 1016 arabicae
541 945 798 1044 peritissimum
820 969 883 1017 eos
911 945 948 1015 in
966 944 1120 1016 latinum
1141 969 1343 1018 sermonem
1364 949 1597 1022 transtulisse.

277 1071 365 1155 Quae
378 1086 464 1140 vero
477 1067 592 1141 versio
609 1093 723 1166 quum
738 1068 831 1164 stylo
837 1067 939 1163 juna
951 1065 1136 1140 arabicum
1148 1068 1325 1165 indigesto
1338 1095 1380 1142 ac
1392 1070 1600 1170 0111111110ιί-

278 1191 364 1281 tiam
376 1189 602 1264 latinitatiset
611 1188 805 1263 dictionem
812 1190 1089 1288 incompositam
1099 1189 1268 1263 illiterato
1280 1195 1484 1292 conscripta
1492 1211 1599 1286 essct,

277 1336 340 1383 eos
353 1312 527 1386 latinitate
550 1313 704 1386 donatos
717 1338 794 1390 ‚esse
807 1312 854 1385 ab
881 1311 1032 1387 editore.
1058 1313 1155 1400 Quid
1171 1314 1207 1384 in
1233 1312 1291 1384 bis
1315 1316 1389 1386 veri
1415 1316 1505 1413 quid
1520 1316 1600 1389 falsi

277 1435 360 1506 insit
373 1433 570 1530 dijudicare
580 1455 742 1534 nequeo.
764 1441 852 1508 Rern
867 1436 971 1507 sicuti
988 1450 1172 1528 narratur,
1197 1437 1246 1508 ita
1262 1435 1397 1510 habere
1419 1462 1457 1511 se
1476 1465 1600 1538 posse,

277 1559 391 1632 simile
403 1559 607 1657 exemplum
619 1559 798 1632 librorum
811 1557 858 1630 de
870 1558 1004 1630 Plantis
1017 1557 1252 1632 demonstrat.
1266 1564 1337 1632 Fac
1345 1575 1469 1634 antem
1479 1565 1601 1636 omnia

277 1707 362 1754 vera
380 1708 469 1774 esse,
499 1684 627 1754 soetum
651 1682 809 1754 hominis
826 1680 1009 1754 christiani
1028 1706 1050 1753 c
1077 1695 1178 1754 sexto
1197 1682 1397 1781 septimove
1413 1701 1497 1783 post
1516 1685 1600 1758 Chr.

278 1832 315 1876 u.
338 1807 469 1878 saeculo
488 1805 651 1895 habebis,
668 1829 735 1903 pro
758 1829 867 1903 opere
882 1804 1015 1876 falsarii
1032 1828 1076 1875 ex
1105 1805 1208 1876 initio
1227 1806 1317 1878 sexti
1345 1806 1494 1898 decimi,
1520 1832 1601 1904 quar

279 1935 326 2002 tl.
346 1931 493 2004 Lutheri
510 1931 617 2002 fnisse
633 1929 777 2003 videtur
797 1930 985 2018 sententie,
1000 1928 1051 2000 ita
1065 1929 1102 2000 in
1123 1930 1282 2026 Epistola
1298 1929 1336 2006 d.
1359 1955 1379 2027 7
1400 1935 1485 2002 Dec.
1510 1931 1603 2028 1519
1635 2022 1639 2031 Ι

278 2051 465 2126 scribentis
481 2079 489 2123 :
511 2054 641 2126 Attulit
659 2057 708 2125 D.
737 2052 921 2127 lohannes
936 2052 1069 2124 Hessos
1082 2078 1130 2121 en·
1145 2053 1253 2124 ltalia
1271 2053 1501 2152 Theologium
1515 2056 1600 2125 Ari·

275 2177 414 2251 stotelir
426 2179 742 2274 mysticam,naper
756 2177 795 2245 in
808 2178 923 2270 Syria,
940 2191 981 2246 ut
991 2174 1161 2264 scribunt,
1180 2191 1370 2274 repertam,
1388 2176 1453 2247 lroc
1471 2192 1528 2248 est
1535 2203 1604 2272 per

276 2299 530 2398 propinatum
555 2301 707 2398 aliquem
733 2302 971 2388 somniatum,
1001 2315 1042 2369 ut
1070 2326 1133 2397 ego
1156 2301 1284 2370 sentio.
1313 2304 1367 2370 De
1397 2299 1606 2397 Palaephato

278 2421 410 2493 horum
439 2421 619 2496 librorum
642 2438 789 2496 auctore
816 2423 986 2518 negitare,
1007 2447 1117 2519 quem
1133 2421 1262 2494 Suidas
1289 2426 1460 2519 Θεολογίαν
1482 2426 1600 2519 Αἰγυπ-

277 2551 386 2622 erno
406 2548 588 2645 scripsisse
603 2561 768 2635 testatur,
793 2546 898 2618 sicuti
914 2545 1088 2619 Patricius
1100 2546 1142 2616 iu
1155 2535 1439 2618 Discursionibus
1454 2549 1602 2644 Peripa·
1630 2561 1632 2566 ’

277 2671 402 2760 teticr's,
417 2669 480 2740 iol.
507 2695 563 2766 17,
580 2685 698 2760 recto,
721 2669 778 2742 ed.
805 2674 948 2755 venet,
973 2669 1079 2766 1571,
1106 2670 1306 2766 suspicatus
1333 2684 1400 2758 est,
1426 2669 1527 2740 nulla
1548 2685 1601 2745 est

278 2794 364 2864 satis
379 2791 509 2864 idonea
528 2817 650 2880 causa,
671 2793 795 2864 multae
807 2807 930 2864 autem
943 2817 1024 2890 quae
1038 2807 1173 2864 vetant.
1190 2795 1361 2864 Ceterum
1373 2792 1469 2864 idem
1489 2795 1603 2864 111111-
1627 2827 1630 2831 <

278 2918 356 2988 cius
369 2940 484 3013 quum
505 2917 530 2989 l.
548 2917 572 2988 l.
595 2917 662 2990 hos
681 2917 795 2989 libros
814 2917 998 2990 Aristoteli
1018 2916 1271 3012 abjudicasset,
1291 2916 1360 2988 sibi
1377 2917 1446 3013 ipsi
1463 2918 1603 2990 incons-

280 3054 456 3128 tans,·eos
472 3064 492 3111 e
509 3042 672 3112 versione
694 3042 788 3112 Petri
812 3040 961 3130 Nicolai,
982 3038 1055 3111 boo
1075 3041 1180 3112 titulo
1203 3065 1213 3109 :
1236 3041 1601 3136 Mys-aeastgrpna-

280 3188 356 3234 ram
372 3180 406 3234 et
425 3162 671 3252 Clurldaeorum
684 3189 707 3233 a
720 3163 869 3234 Platone
888 3188 977 3234 voce
996 3163 1145 3247 tradita,
1173 3161 1220 3232 ab
1238 3163 1427 3241 Aristotele
1451 3180 1602 3260 exceptu

278 3304 315 3358 et
334 3291 535 3385 conscripta
556 3287 805 3384 Philosophia,
834 3288 960 3360 recudi
987 3288 1129 3360 curavit
1153 3288 1189 3358 in
1214 3311 1326 3386 opere
1356 3288 1531 3384 inscripto
1557 3286 1602 3358 de

282 3416 460 3484 Universis
476 3411 723 3509 Philosophia,
747 3413 928 3502 Ferrariae,
950 3411 1057 3510 1591,
1078 3426 1115 3483 et
1130 3411 1302 3500 Veneriis,
1325 3410 1429 3509 1593.

328 3535 433 3608 Liber
451 3537 495 3606 de
512 3535 797 3634 Pmprietatr'bus
816 3536 1074 3606 Elementorum
1091 3535 1164 3608 sive
1189 3535 1381 3606 decausis
1401 3537 1603 3631 Proprieta-

280 3677 353 3730 tom
372 3641 634 3732 Elementorum
650 3659 857 3757 inscriptus,
877 3681 1066 3754 nunquam
1088 3654 1189 3753 quod
1209 3655 1319 3727 sciam
1341 3655 1489 3726 seorsim
1509 3657 1603 3752 typis

279 3809 431 3859 excusus
444 3799 497 3856 est
515 3784 670 3880 :legitur
688 3807 774 3854 vero
793 3784 831 3855 in
843 3782 964 3854 latinis
979 3781 1178 3853 Aristotelis
1191 3778 1422 3867 editionibus,
1444 3780 1600 3866 Venetis,

279 3935 312 3981 a.
340 3908 445 4004 1496,
463 3922 490 3980 t.
506 3913 552 3997 ll,
568 3933 601 3979 a.
631 3905 715 3980 1551
734 3921 771 3978 et
790 3903 894 3992 1561,
910 3921 935 3974 t.
953 3910 1012 3978 VI.
1029 3910 1078 3975 Ex
1092 3902 1237 3975 arabico
1255 3902 1469 3974 translatum
1480 3902 1601 3991 fuisse,

280 4033 365 4104 satis
385 4031 581 4105 ostendunt
592 4031 788 4130 specimina
807 4055 887 4127 quae
909 4029 1031 4101 attulit
1044 4026 1233 4116 tonrdain,
1253 4025 1604 4098 Becherclressarles

281 4154 503 4226 traductione
517 4153 720 4241 d'Aristote,
738 4152 793 4225 ed.
811 4177 893 4238 sen,
912 4177 949 4249 p.
972 4153 1037 4223 182
1055 4165 1093 4221 et
1110 4153 1195 4236 444.

330 4283 383 4349 De
400 4293 549 4380 auctore
566 4292 604 4350 et
621 4277 667 4350 de
680 4277 787 4349 variis
804 4272 1098 4373 inscriptionibus
1116 4269 1200 4343 libri
1219 4269 1263 4341 de
1287 4272 1426 4351 Cauris,
1447 4268 1512 4364 qui
1532 4267 1602 4338 suh

281 4402 352 4472 hoc
366 4402 472 4473 titulo
487 4403 522 4473 in
535 4402 662 4474 iisdem
678 4398 896 4474 editionibus
912 4400 1053 4495 legitur,
1069 4397 1208 4494 egregie
1220 4394 1417 4492 disputavit
1427 4392 1601 4465 lourdain

281 4525 306 4596 l.
328 4525 365 4611 l.,
388 4549 437 4621 p..
461 4527 527 4599 183
547 4551 591 4596 ss.
616 4527 661 4596 cl.
684 4552 721 4624 p.
756 4522 838 4612 445.
859 4529 908 4594 1111
933 4521 1079 4595 arabico
1100 4545 1266 4592 sermone
1293 4519 1505 4592 translatum
1525 4543 1601 4588 esse

281 4662 435 4719 testatur
453 4651 495 4718 D.
511 4647 678 4737 Thomas,
703 4648 767 4744 qui
785 4648 822 4716 in
838 4670 922 4718 eum
940 4659 1206 4718 commentatus
1227 4658 1293 4715 est.
1324 4649 1389 4733 Eo,
1412 4657 1454 4712 ut
1473 4656 1509 4714 et
1531 4641 1602 4713 hoc

281 4771 427 4862 addam,
452 4772 553 4868 quasi
573 4771 646 4842 veri
665 4769 859 4852 Aristotelis
875 4771 1021 4868 scripto,
1047 4793 1133 4839 usus
1146 4781 1200 4864 est
1216 4773 1240 4838 F
1243 4823 1252 4864 .
1274 4771 1468 4863 Maguanus
1484 4772 1602 4837 Bono-
