4134 6134
825 364 988 426 Dtatool.
1302 385 1307 392 ·
1674 341 1715 427 t‘o

181 506 278 568 Ἐχθρὸς
291 503 335 568 γάρ
344 518 384 564 μοι
394 505 467 554 κεῖνος
483 497 540 560 ἀνήρ
553 499 616 560 θμιῦς
629 497 706 548 Ἀίδαο
720 497 829 557 σύλησιν,

181 575 206 632 ός
224 591 264 625 κεν
280 575 356 638 ἕτερον
375 572 417 634 μὲν
433 571 510 620 κεύθει
525 570 558 618 tu
577 567 882 700 φρεσργίεὲυμρηόὶιίνίπτιι

103 767 190 825 Τοῦτο
202 761 228 821 δὲ
243 753 312 819 εἶπεν
323 756 486 834 Ἀλέξανδρος
501 753 593 824 ἐπειδὴ
607 751 656 824 τὴν
671 750 778 828 λογικήν
793 749 879 830 ψυχήν

107 851 229 934 βούλεται
251 843 367 930 φθαρτὴν
392 834 500 902 olm-d
527 842 553 900 δὲ
577 839 757 919 Ἀριστοτέλης
780 839 807 897 ίν
829 846 882 906 τοῖς

108 944 261 1018 διαλογικοῖς
284 934 401 1012 μάλιστα
415 932 487 992 δοκεῖ
509 928 647 1009 κηρύττειν
671 924 718 1000 τὴν
737 927 882 986 ἀθανασίαν

106 1034 151 1098 τῆς
163 1029 256 1108 ψυχῆς·
263 1023 306 1082 θνα
320 1012 365 1082 οῦν
375 1021 412 1098 μή
421 1025 476 1100 σχῇ
486 1020 628 1098 ίλίγχοντα
639 1016 682 1076 τδν
694 1013 884 1095 Ἀριστοτέλην,

107 1119 149 1176 td
162 1120 237 1174 τοῦτο
252 1100 308 1172 εἶπε
328 1108 452 1178 τοιαύτην
466 1104 605 1186 διαφοράν.

432 1241 460 1300 3.
478 1239 563 1322 (os.)

145 1378 324 1438 'l*bemist.in
331 1375 463 1434 Aristde
472 1373 646 1432 trimatu.
656 1371 707 1440 tlt,
716 1370 745 1442 5,
758 1371 779 1428 ί.
791 1390 841 1447 90,
853 1370 885 1432 B,

107 1483 127 1526 t.
145 1467 183 1537 tl,
196 1484 230 1543 p.
245 1466 311 1542 196,
326 1484 360 1520 or
371 1461 418 1521 ed.
435 1459 571 1538 Spengel,
586 1457 666 1536 Lips.
681 1458 756 1516 1866
770 1479 777 1514 ι
793 1456 847 1517 Καὶ
862 1459 885 1514 oi

106 1555 179 1630 λόγοι
190 1553 216 1612 δὲ
228 1550 271 1619 οῦς
284 1548 405 1630 ἠρώτησε
418 1548 518 1626 (Plato,
531 1547 562 1604 in
577 1545 723 1603 Phaedone
736 1545 812 1622 scil.)
825 1545 885 1622 περὶ

107 1645 195 1722 ψυχῆς
213 1637 355 1704 ἀθανασίας
370 1638 406 1703 εἰς
423 1635 467 1694 τδν
483 1639 542 1694 νοῦν
555 1633 695 1711 ἀνάγονται
709 1631 802 1710 σχεδόν
818 1653 843 1689 τι
861 1633 885 1688 οἱ

106 1733 226 1788 πλεῖστοι
235 1725 280 1786 καί
297 1723 509 1804 ἐμόριθέστατοι,
523 1719 579 1780 ὅτε
592 1721 623 1778 ἐκ
633 1723 680 1792 τῆς
694 1717 885 1788 αύτοιιινησίας·

106 1818 212 1896 ἐδείχθη
222 1815 273 1895 γάρ
283 1817 317 1880 ὥς
327 1810 493 1882 αύτοκίνητος
504 1809 602 1887 μόνοςό
612 1811 680 1882 νοῦς,
693 1808 716 1865 εί
726 1804 774 1878 τήν
784 1805 885 1877 κίνησιν

105 1905 219 1974 ἀντλτῆς
227 1899 355 1980 ἐνεργείας
363 1897 492 1974 νοοίημεν·
500 1895 545 1954 καί
552 1899 566 1954 θ
573 1893 620 1960 τάς
630 1893 756 1968 μαθήσεις
767 1891 886 1970 ἀναμνή·

106 2017 162 2059 σεις
170 1981 399 2066 εἷναιλαμῦάνων,
411 1983 531 2055 καλθτήν
539 1981 602 2062 πρός
610 1981 652 2041 τδν
663 1980 718 2039 θεὸν
731 1980 884 2057 ὁμοιότητα.

111 2087 169 2147 Καὶ
181 2090 234 2144 τιῦν
250 2084 337 2142 άλλων
352 2080 379 2140 δὲ
392 2079 449 2146 τούς
464 2074 686 2154 άξιοπιστοτίρους
704 2075 843 2140 δοκοῦντας
856 2077 885 2133 ού

105 2175 234 2253 χαλεπῶς
256 2171 287 2230 άν
306 2193 344 2236 τις
358 2170 395 2248 τῷ
407 2171 444 2246 νῷ
462 2161 680 2246 προσῦιῦάσειεν,
695 2161 785 2241 ὥσπερ
800 2164 886 2238 γεκαὶ

104 2267 161 2320 τῶν
185 2263 231 2319 ὑπ’
254 2261 332 2318 αὐτοῦ
352 2253 603 2334 Ἀριστοτίλους
624 2249 830 2330 ἐξειργασμένων
853 2252 879 2308 ἰν

104 2355 146 2430 τῷ
164 2347 287 2426 Εὐδήμῳ.
307 2345 354 2413 Ἐξ
367 2335 403 2403 ὧν
424 2345 500 2414 δῆλον
514 2340 554 2400 ότι
568 2341 614 2401 καλ
631 2339 744 2400 Πλάτων
759 2339 804 2398 τὸν
825 2343 884 2398 νοῦν

109 2438 242 2498 ἀθάνατον
255 2435 331 2512 μόνον
346 2429 529 2508 ῦπολαμύάνει
543 2433 590 2502 τῆς
606 2431 693 2509 ψυχῆς
706 2451 731 2487 τι
745 2429 791 2487 καλ
807 2426 885 2486 αύτδν

103 2527 183 2600 ὄντα,
200 2523 303 2605 φθαρτὰ
315 2522 342 2578 δὲ
366 2519 400 2578 τδι
414 2519 485 2590 πάθη
503 2517 547 2576 καὶ
564 2517 608 2576 τὸν
623 2516 724 2583 τούτοις
739 2517 830 2576 ἐνόντα
844 2515 885 2575 λό·

101 2638 166 2692 γον,
182 2615 210 2671 ὃν
227 2609 406 2688 Ἀριστοτέλης
421 2608 565 2678 παθητικόν
581 2612 638 2665 νοῦν
653 2603 783 2680 ὀνομάζει.

428 2747 455 2806 t·
472 2735 561 2816 (69.)

150 2875 274 2934 Proclus
289 2874 321 2930 in
335 2871 408 2930 Plut.
427 2869 568 2926 Timaeurn
592 2866 627 2940 V,
647 2887 677 2945 p.
694 2868 751 2924 338
766 2867 854 2924 ussit.
880 2890 886 2923 :

101 2963 167 3036 Τήν
187 2960 274 3043 ψυχήν
293 2962 331 3038 τῷ
354 2957 458 3034 σόιματι
479 2956 593 3034 συνῆψεν
612 2955 726 3030 θμίοως,
741 2953 828 3022 τιάντα
850 2954 883 3012 τά

101 3052 171 3131 περὶ
183 3049 292 3108 καθόδου
305 3049 392 3127 ψυχῆς
403 3041 558 3120 ύπεκτεμύιν
567 3039 754 3122 προόλήματα,
764 3040 808 3100 τὸν
823 3063 888 3120 προ-

101 3140 214 3219 φήτην,
230 3134 288 3204 τοὺς
305 3133 428 3213 κλήρους,
448 3128 508 3196 τοῦς
530 3129 616 3206 βίους,
631 3127 678 3196 τάς
694 3125 823 3207 algisus,
845 3127 888 3186 τὸν

101 3227 240 3304 δαίμονα,
255 3223 302 3294 τήν
319 3225 345 3281 ἐν
360 3223 399 3300 τῷ
413 3217 495 3299 πεδίιρ
510 3219 557 3289 τῆς
569 3216 650 3288 λήθης
663 3215 884 3289 αατασκήνωσιν,

99 3316 167 3382 τοὺς
183 3313 297 3384 ὕπνους,
313 3310 345 3369 τδ
364 3309 438 3384 πόμα
452 3310 500 3378 τῆς
513 3303 611 3377 λήθης,
630 3303 678 3370 τάς
695 3304 820 3383 βροντάς,
841 3306 886 3363 καὶ

100 3402 199 3461 πάντα
213 3400 262 3459 ὅσα
277 3399 330 3458 θὲν
347 3395 472 3476 Πολιτείᾳ
487 3399 566 3470 μῦθος
576 3391 715 3464 διεξῆλθεν.
736 3391 804 3451 'All'
828 3395 886 3452 οὐδὲ

100 3489 138 3548 τόι
157 3488 226 3565 μετὰ
240 3486 388 3560 τλνίξοδον
405 3485 486 3555 αὐτῆς
501 3484 527 3540 ἐν
547 3481 646 3546 τούτοις
666 3478 831 3560 παραδώσει,
852 3483 885 3541 τὰ

101 3577 234 3654 δείματα,
248 3572 307 3642 τούς
320 3570 468 3648 ποταμοὺς,
486 3569 530 3628 τὸν
542 3569 693 3648 Τάρταρον,
707 3568 766 3635 τούς
782 3567 886 3649 ἀγρίους

105 3776 188 3838 igitur
196 3771 355 3823 diltereotinm
368 3767 463 3830 statuit,
474 3779 503 3816 oe
518 3764 718 3816 contradicentem
728 3763 826 3816 traheret
836 3763 891 3812 Ari·

103 3861 239 3914 stotelem.

485 3970 508 4016 3.

138 4079 256 4128 Rationes
280 4078 328 4126 lere
349 4075 517 4138 exquisitiores
537 4087 622 4125 omncs
640 4075 664 4124 et
685 4073 799 4123 ualidiora
818 4087 889 4136 argu·

99 4167 194 4214 urenta
208 4176 262 4226 quse
278 4178 292 4213 a
312 4165 410 4214 Platone
423 4164 448 4212 io
460 4162 554 4226 dialogo
567 4163 598 4212 de
615 4161 792 4212 immortalitate
803 4161 891 4210 enimse

99 4254 170 4302 sunt
190 4252 319 4314 perscripta
335 4250 365 4300 ad
386 4250 533 4300 intellectum
548 4249 684 4300 referuntur
685 4283 732 4298 .....
745 4251 848 4298 Domum
870 4250 889 4296 si

98 4341 240 4402 diiigenter
254 4338 382 4388 attenderis
403 4341 495 4388 ceteras
513 4350 610 4401 quoque
629 4337 732 4386 rationes
750 4350 805 4400 quse
821 4334 892 4400 paolo

99 4427 234 4478 tir-uniones
255 4427 424 4489 grauioresque
445 4425 586 4486 habeantur,
609 4425 738 4475 conuenire
761 4437 844 4474 omnes
869 4426 893 4474 et

99 4527 249 4579 congruere
267 4513 329 4574 triric-
343 4513 472 4563 intcllectui
485 4513 632 4576 comperias,
654 4511 856 4575 quemadmodum
870 4515 894 4560 et

98 4610 173 4666 ittae,
191 4617 253 4668 quas
269 4605 370 4668 ipsomet
382 4603 520 4652 Aristoteles
535 4603 559 4650 in
576 4601 683 4651 Eudemo
694 4602 834 4664 conspicuus
845 4604 891 4651 est.

486 4719 513 4764 ε.

135 4827 286 4884 Aristoteles
303 4826 329 4877 in
344 4825 480 4887 Pragmatio
493 4824 524 4874 dc
534 4823 654 4875 animato
672 4823 757 4887 (quod
768 4823 845 4874 Pluto
864 4825 891 4902 tu

104 4925 212 4973 Timaeo
232 4913 348 4979 jecerat)
363 4912 505 4973 emutatus,
528 4911 667 4961 naturaliter
685 4910 841 4974 questionem
853 4923 892 4973 ng·

99 5017 215 5073 gressus
227 5015 305 5066 neque
316 5001 347 5052 dc
354 5001 471 5051 descensu
481 4998 567 5050 auimae
578 4999 602 5050 iu
617 5011 705 5062 corpus
717 5010 794 5062 usqne
805 4998 835 5048 de
845 4999 893 5048 exi·

101 5102 131 5147 tn
148 5093 252 5144 locutos
269 5091 314 5140 cst.
334 5091 360 5138 ln
378 5086 478 5151 dialogis
496 5099 554 5138 uero
570 5086 719 5150 peculiariter
733 5086 764 5135 de
782 5086 819 5134 tris
835 5087 892 5148 egit,

104 5191 133 5236 ot
151 5178 230 5246 qussi
245 5176 401 5228 laudamento
416 5176 471 5238 jecit
483 5188 538 5238 quae
551 5173 686 5240 supradixi
699 5175 836 5237 argumenta
849 5173 893 5236 (td

200 5268 365 5306 unrsrorsurs.
378 5271 431 5306 ror..
444 5273 476 5308 ιν.

939 494 1051 561 ε’κείνους
1060 493 1104 551 καί
1118 493 1256 573 διαπύρους
1264 493 1388 568 δαίμονας
1397 536 1405 564 ,
1415 493 1475 562 τοὺς
1490 495 1715 568 ἀσπαλάθους,τά

938 583 1060 660 στόμιον,
1077 582 1124 655 τήν
1136 581 1253 662 τρίοδον,
1266 579 1325 649 τούς
1344 577 1485 658 δικαστάς,
1498 581 1559 661 περὶ
1571 570 1608 639 ὃν
1619 580 1635 638 ό
1645 604 1673 640 τε
1687 584 1714 641 ε’ν

938 671 1065 752 Πολιτείᾳ
1086 671 1132 728 καὶ
1157 674 1171 728 ὁ
1193 673 1219 728 ἐν
1235 669 1333 749 Γοργίᾳ
1353 669 1426 728 καλό
1447 671 1473 727 ἐν
1498 669 1618 729 Φαίδωνι
1636 674 1715 744 μῦθος

939 757 1094 826 ἀναδίδαξον.
1105 757 1153 824 Τίς
1171 747 1225 829 οῦν,
1234 758 1313 836 φαίης
1323 755 1369 828 ἀν,
1382 756 1453 814 αἰτία
1466 760 1511 827 τῆς
1521 756 1617 816 τούτων
1625 781 1715 840 παρα·

938 845 1056 927 λήψεωςς
1065 844 1115 919 ότι,
1122 846 1210 925 ρήσει,
1220 845 1249 903 τδ
1259 845 1359 923 πρίπον
1367 844 1487 913 διασώζει
1496 868 1528 922 τη
1539 849 1585 903 τοῦ
1594 847 1715 924 διαλόγου

939 933 1061 1012 προθέσει
1075 933 1120 992 καλ
1134 936 1180 1003 τῆς
1190 932 1253 1009 περὶ
1266 935 1353 1013 ψυχῆς
1364 933 1471 1014 θεωρίας
1485 933 1545 991 ὅσον
1564 935 1672 1013 ρυοικδν
1687 935 1714 993 ίν

939 1021 1038 1088 τούτοις
1057 1020 1263 1100 παραλαμόάνει
1274 1019 1322 1091 τήν
1337 1023 1401 1100 πρός
1420 1021 1450 1079 τδ
1463 1025 1542 1096 σῶμα
1560 1026 1607 1094 τῆς
1629 1025 1716 1103 ψυχῆς

942 1107 1050 1184 θμιλίαν
1069 1107 1238 1185 παραδιδούς.
1254 1107 1292 1169 ιὈ
1313 1107 1345 1179 δή
1359 1108 1405 1166 καὶ
1416 1108 1648 1187 Ἀριστοτέλης
1666 1115 1680 1180 ζ
1700 1146 1715 1156 -

939 1194 1027 1262 λύσας
1051 1198 1078 1253 ἐν
1096 1200 1130 1274 τῇ
1145 1195 1205 1274 περὶ
1221 1199 1308 1277 ψυχῆς
1319 1197 1489 1277 πραγματείᾳ
1505 1201 1620 1278 ρυσικιῖις
1635 1199 1715 1268 αὐτήν

929 1282 1197 1362 μεταχειριζόμενος,
1212 1283 1270 1343 οῦτι
1284 1284 1342 1364 περί
1360 1283 1470 1343 καθόδου
1482 1288 1569 1366 ψυχῆς
1583 1289 1642 1345 οὗτε
1656 1287 1716 1367 περὶ

940 1370 1039 1441 λήξεσιν
1055 1372 1262 1448 ἐμνημόνευσεν,
1286 1371 1347 1430 ἀλλ’
1360 1375 1386 1430 ίν
1409 1376 1463 1440 τοῖς
1477 1373 1605 1452 διαλόγοις
1630 1377 1712 1454 χωρὶς

940 1457 1177 1539 ίπραγματεύσατο
1199 1461 1260 1538 περὶ
1285 1460 1370 1519 αύτιῦν
1393 1461 1498 1519 καὶτὸν
1519 1461 1715 1540 προηγούμενον

940 1545 1120 1605 κατεόάλλετο
1133 1547 1220 1624 λόγον.
1236 1550 1329 1608 Ταῦτα
1346 1547 1392 1624 μίν
1407 1541 1451 1607 οῦν
1466 1550 1525 1629 περὶ
1542 1549 1654 1611 τούτων.

1178 1735 1183 1742 ·
1263 1680 1392 1757 stro)

980 1807 1103 1866 Procius
1123 1809 1155 1866 in
1177 1808 1253 1870 Plat.
1278 1809 1432 1889 Rempubl.
1458 1813 1534 1892 apud
1555 1814 1664 1874 Maium
1686 1815 1718 1874 in

940 1896 1100 1976 spicilegio
1113 1896 1197 1954 Rom.
1211 1909 1230 1956 t.
1256 1897 1335 1975 litt,
1350 1921 1379 1978 p.
1403 1904 1458 1974 7⁰5
1477 1925 1483 1959 :
1501 1902 1578 1979 Λέγει
1593 1903 1620 1962 δὲ
1640 1903 1684 1962 καί
1706 1908 1719 1962 5

942 1984 1075 2060 δαιμόνιος
1090 1983 1327 2062 Ἀριστοτέλης
1342 1989 1428 2048 αἰτίαν
1448 1992 1483 2048 δι’
1497 1991 1529 2063 ήν
1549 1993 1645 2050 ἐκεῖθεν
1670 1993 1718 2068 μὲν

942 2073 1016 2131 ίοῦσα
1029 2071 1128 2153 ἡψυχὴ
1141 2074 1215 2153 δεῦρο
1225 2074 1423 2135 ἐπιλανθάνεται
1436 2081 1488 2137 τῶν
1500 2082 1553 2138 ἐκεῖ
1563 2081 1718 2156 θεαμάτων,

942 2165 1059 2220 ἐντεῦθεν
1073 2161 1101 2219 δί
1115 2159 1219 2228 ἐξιοῦσα
1232 2161 1365 2238 μέμνηται
1377 2166 1431 2222 ἐκεῖ
1443 2167 1495 2222 τῶν
1511 2167 1621 2226 ἐνταῦθα
1634 2174 1719 2240 παθη·

943 2251 1043 2326 μάτων.
1060 2249 1115 2310 Καί
1129 2251 1296 2310 ἀποδεικτίον
1310 2257 1356 2311 τοῦ
1370 2251 1457 2330 λόγου·
1473 2255 1537 2334 φησὶ
1548 2254 1600 2334 γάρ
1615 2246 1659 2314 οῦν
1671 2258 1719 2315 καί

942 2339 1031 2412 αύτδς,
1047 2339 1077 2397 ίκ
1088 2337 1136 2415 μίν
1154 2339 1241 2416 ύγείας
1252 2342 1287 2407 είς
1300 2340 1375 2400 νόσον
1392 2339 1528 2408 ὁδεύοντας
1539 2337 1622 2414 λήθην
1634 2345 1719 2424 ίσχειν

941 2425 1012 2493 τινόις
1026 2425 1073 2485 καλ
1089 2429 1175 2485 αὐτῶν
1187 2432 1239 2487 τῶν
1256 2428 1421 2508 γραμμάτων
1436 2421 1473 2488 ιῖιν
1486 2430 1718 2510 ἔμεμαθήκεισαν,

942 2515 972 2573 tx
994 2519 1072 2574 νόσου
1087 2513 1116 2573 δὲ
1139 2518 1176 2582 εἶς
1199 2517 1286 2592 ὑγείαν
1306 2517 1379 2576 ἰόντα
1403 2518 1503 2594 μηδίνα
1517 2519 1623 2580 πώποτε
1644 2527 1721 2581 τοῦτο

941 2602 1065 2681 πάσχειν·
1079 2603 1189 2663 ἐοικέναι
1208 2607 1235 2663 δὲ
1249 2604 1296 2675 τήν
1310 2605 1358 2682 μίν
1373 2605 1433 2665 ἀνευ
1448 2608 1569 2684 σώματος
1584 2609 1652 2680 ζωήν
1664 2619 1721 2676 ταῖς

943 2692 1040 2769 ψυχαῖς
1059 2690 1128 2766 κατά
1152 2691 1227 2772 ρύσιν
1242 2684 1323 2751 οῦσαν
1342 2697 1375 2728 *⁴
1402 2695 1522 2772 (lacuna
1544 2699 1575 2755 in
1600 2698 1720 2775 codice)

943 2777 1067 2855 σημαίνει
1081 2778 1129 2846 τάς
1144 2779 1191 2855 μὲν
1206 2782 1302 2839 ἀκιῖθεν
1323 2781 1410 2849 ἰούσας
1431 2785 1649 2844 ἐπιλανθάνεσθαι
1670 2789 1721 2844 τῶν

945 2867 1015 2940 ἐκεῖ,
1040 2865 1086 2933 τδις
1104 2867 1130 2924 δὲ
1158 2868 1273 2928 ἐντεῦθεν
1295 2871 1379 2929 ἐκεῖσε
1398 2874 1451 2930 τῶν
1474 2873 1587 2931 ἐνταῦθα
1609 2874 1721 2948 διαμνη-

946 2951 1074 3028 μονεύειν.
1091 2953 1236 3013 Lacunam
1259 2957 1370 3015 codicis
1392 2957 1471 3035 quod
1494 2958 1531 3016 ad
1549 2963 1721 3020 sententiam

942 3041 984 3150 ¹'utu
995 3041 1124 3118 explevit
1139 3041 1214 3102 Rosc
1229 3063 1237 3103 τ
1251 3043 1342 3125 ὑγεία,
1359 3044 1427 3124 νόσῳ
1451 3047 1478 3105 δὲ
1493 3046 1539 3118 τήν
1553 3047 1580 3106 ἐν
1604 3046 1721 3127 σώματι.

956 3131 1023 3188 Oura
1036 3153 1100 3205 οημ.

1267 3269 1297 3326 ⁶·
1313 3266 1396 3346 unu

982 3398 1160 3472 Augustinus
1180 3397 1213 3456 C.
1234 3396 1384 3456 turianum
1406 3398 1500 3476 Pelag.
1518 3399 1565 3473 tv,
1590 3404 1627 3473 78
1638 3423 1657 3462 ,ι
1673 3407 1724 3457 Vi-

942 3487 1046 3540 dentur
1062 3500 1154 3541 autcnr
1178 3507 1233 3543 nou
1245 3485 1359 3558 frustra
1385 3490 1634 3566 christiauaefidei
1654 3512 1724 3566 Jun-

940 3578 1104 3649 piuquasse,
1121 3579 1272 3647 quivimus
1293 3580 1376 3630 istam
1389 3577 1529 3647 fallacia:
1547 3583 1725 3650 miseriaeque

948 3767 1102 3828 estfabutas
1115 3769 1147 3818 de
1158 3775 1248 3842 antino
1261 3772 1355 3834 quidus
1369 3772 1445 3821 Plato
1459 3775 1485 3822 tn
1499 3772 1606 3832 Potitio,
1620 3774 1646 3820 lu
1662 3773 1723 3820 Gor·

947 3859 1004 3919 gio,
1016 3861 1043 3907 tu
1057 3859 1186 3910 susurre
1198 3873 1261 3910 υειιι
1268 3859 1388 3922 fuerat).

1323 3990 1346 4032 o.

979 4105 1041 4154 Dicit
1052 4107 1077 4154 et
1092 4104 1189 4154 diriuus
1201 4104 1341 4154 Aristoteles
1352 4116 1451 4152 causum
1466 4115 1509 4151 cor
1520 4101 1586 4151 illinc
1594 4101 1641 4151 troc
1654 4114 1722 4152 accc-

947 4196 1006 4245 deus
1018 4195 1106 4255 antron,
1117 4208 1202 4244 eorum
1213 4206 1268 4255 qous
1283 4193 1316 4243 itri
1326 4195 1463 4254 spectentur
1473 4193 1636 4252 obliuiscetur,
1646 4206 1721 4256 quom

947 4282 1002 4332 trino
1017 4271 1114 4344 egressa
1130 4281 1161 4330 ibt
1183 4281 1319 4331 meminerit
1336 4294 1420 4329 eorum
1436 4293 1492 4343 quse
1510 4279 1550 4330 trtc
1563 4293 1633 4344 possa
1643 4281 1720 4331 luerit.

947 4373 977 4421 Et
985 4370 1197 4420 demonstrandum
1206 4370 1236 4419 de
1247 4371 1387 4432 argumento
1400 4382 1406 4412 ι
1422 4369 1480 4419 dicit
1487 4369 1557 4431 igitur
1568 4369 1631 4419 idem
1638 4383 1722 4420 eorum

948 4461 988 4524 qni
1006 4473 1037 4510 ex
1053 4458 1154 4510 sanimte
1166 4459 1190 4508 in
1207 4459 1319 4508 morsum
1333 4459 1430 4508 veniant
1445 4457 1561 4522 quosdam
1581 4458 1607 4508 in
1619 4457 1720 4508 obliuio·

948 4561 1003 4598 uern
1029 4547 1134 4597 incidero
1157 4547 1290 4596 litterarum
1315 4558 1375 4608 quas
1399 4545 1443 4608 ipsi
1470 4544 1621 4608 didicissent,
1645 4559 1721 4609 onom

949 4649 1020 4686 uerno
1033 4648 1140 4699 nuquam
1153 4635 1194 4698 qui
1206 4647 1237 4683 ex
1249 4633 1333 4683 morbo
1345 4633 1369 4682 ln
1385 4633 1509 4684 muitatem
1521 4635 1660 4685 reuertisset
1674 4635 1722 4685 tale

948 4723 1004 4785 quid
1021 4735 1106 4786 μεεεοε
1117 4722 1157 4773 sit.

981 4813 1087 4862 similem
1100 4825 1158 4861 rero
1169 4823 1223 4860 csse
1235 4811 1308 4858 ritum
1317 4809 1368 4858 sine
1379 4820 1478 4870 corpore
1487 4807 1582 4871 animis,
1593 4820 1668 4870 quum
1678 4820 1721 4856 nu·

950 4901 1060 4950 turatiter
1073 4900 1105 4948 sit
1119 4902 1239 4961 (sonitus
1258 4915 1267 4948 .·
1283 4897 1369 4947 morlo
1388 4900 1476 4946 aretem
1490 4895 1540 4945 itta
1564 4908 1622 4960 que
1637 4898 1677 4945 est
1693 4897 1722 4944 tu

949 4999 1062 5051 corpore.
1084 4987 1169 5048 Unde)
1187 4985 1291 5036 ostendit
1303 4985 1396 5034 animos
1413 4983 1481 5032 illinc
1498 4983 1619 5033 venientes
1636 4995 1722 5032 eororn

947 5093 1001 5143 quae
1016 5079 1047 5128 ibi
1062 5078 1118 5129 fiant
1129 5078 1248 5139 oblivisci,
1263 5092 1304 5128 ens
1319 5092 1376 5129 rero
1387 5091 1443 5142 ηοω
1454 5077 1519 5138 trino,
1528 5077 1559 5127 ibi
1572 5089 1654 5127 eornm
1665 5087 1721 5137 quos

949 5170 989 5218 iric
1000 5168 1056 5217 dant
1072 5168 1218 5216 meminisse.

1612 5251 1626 5298 t
