4134 6134
387 397 447 456 3ίο

426 529 458 587 ln
467 528 530 589 cod.
546 528 596 603 La,
608 541 679 589 teste
687 528 787 604 Rosio,
798 550 863 589 cum
872 531 1006 593 lemmate
1015 540 1061 594 τοῦ
1074 538 1153 597 αὐτοῦ

386 629 548 693 sequuntur
559 616 621 676 haec
636 639 642 675 :
656 616 770 697 Γλώσσῃ
779 618 888 701 θρασείορ
902 620 939 694 μὴ
950 625 1080 701 χρῆσθαι·
1093 628 1160 685 πολ·

386 705 459 768 alxi:
472 704 522 783 γάρ
537 705 567 763 τὸ
581 705 685 784 θράσος,
697 706 741 765 καί
755 706 836 781 αὐτὴν
848 707 956 770 διώλεσε
968 708 1016 782 τὴν
1030 714 1159 793 κεφαλήν,
1186 783 1190 802 Ι

385 812 448 868 quae
468 794 497 850 in
509 792 575 854 cod.
590 792 634 852 Lb
649 793 770 854 Isocrati
782 794 960 877 tribuuntur,
971 799 1059 861 ined.
1073 800 1159 859 Com·
1185 812 1190 948 γ

386 879 479 938 bcfisii
496 882 620 942 Socrati.

750 1025 794 1081 18.

422 1147 539 1207 λίιικίιιι.
557 1169 581 1205 c.
596 1145 646 1219 να’,
656 1168 684 1225 p.
694 1148 751 1205 653
765 1170 771 1205 :
787 1146 893 1229 Ὥσπερ
907 1149 985 1229 φασὶν
996 1152 1022 1210 ἐν
1037 1152 1155 1235 ἰατρικῇ,

382 1233 414 1291 τά
426 1235 463 1309 μὴ
473 1234 575 1313 καθαρά
584 1238 635 1293 τῶν
651 1234 782 1311 σωμάτων
800 1233 889 1316 ὁπόσῳ
902 1235 1049 1318 δνθρέψης,
1058 1241 1159 1316 μᾶλλον

384 1324 503 1403 βλάψεις,
517 1321 581 1393 ἱίλην
593 1320 732 1381 ὓποθαλὼν
745 1324 951 1405 τῇκακοχυμίρ,
962 1325 1030 1385 οὕτω
1042 1328 1089 1386 καὶ
1104 1331 1157 1408 ψυ-

382 1410 432 1489 χὴν
447 1410 586 1489 μοχθηροῖς
601 1410 714 1489 δόγμασι
729 1412 1005 1491 προκατειλημμένην,
1021 1415 1112 1496 ὁπόσῳ
1126 1414 1157 1473 ἂν

384 1497 496 1576 διδάξῃς,
518 1498 618 1572 μᾶλλον
646 1498 768 1579 βλάψεις,
790 1498 910 1575 μείζονας
920 1500 1003 1579 θρχάς
1018 1506 1086 1582 αὐτῇ
1111 1506 1157 1572 τῆς

381 1582 545 1665 ψευδοδοξίας
567 1586 702 1664 παρέχων.

424 1674 498 1743 llaec,
514 1674 582 1731 licet
595 1672 680 1731 bisin
695 1675 815 1735 Antonii
833 1676 948 1737 Melissa
960 1678 985 1751 1,
1002 1700 1029 1739 c.
1046 1678 1083 1751 α’,
1097 1682 1156 1757 p.3

380 1776 408 1821 et
423 1784 447 1822 c.
465 1760 507 1836 μδ
522 1781 550 1839 p.
567 1762 602 1819 52
620 1762 655 1819 ad
674 1762 858 1821 Aristotelem
874 1765 1049 1840 referantur,
1062 1780 1157 1825 tauron

381 1851 491 1927 potius,
515 1849 601 1908 sicuti
617 1848 721 1908 Rosius
735 1863 881 1924 ἀιιιιιιιιιιι,
908 1852 1070 1912 christiano
1088 1853 1155 1911 cui·

381 1939 444 1994 dam
458 1938 596 2015 scriptori
612 1936 771 1997 tribuenda
784 1952 861 1999 sunt.

750 2092 795 2147 19·

418 2204 540 2265 Maxim.
557 2227 583 2264 c.
597 2204 634 2263 ιδ’
639 2250 646 2277 ,
670 2227 700 2284 p.
731 2208 788 2265 658
814 2230 821 2265 ι
839 2208 949 2281 Φθόνος,
965 2208 1055 2288 φησίν,
1073 2210 1153 2266 ἀντα-

377 2292 506 2370 γωνιστής
520 2295 575 2351 ἐστι
587 2297 638 2351 τῶν
651 2294 839 2374 εὐτυχούντων.
851 2296 897 2357 Cl.
907 2296 1018 2357 Anton.
1035 2295 1154 2355 Melissa

379 2380 402 2457 ί,
415 2403 439 2440 c.
454 2380 500 2457 ξγ’,
512 2402 541 2461 p.
556 2384 603 2455 66,
615 2385 721 2443 Arsen.
735 2385 811 2443 Viol.
834 2404 865 2461 p.
887 2404 951 2445 raa.

743 2542 792 2580 20.

416 2641 523 2702 Joann.
540 2641 620 2701 Stob.
638 2642 738 2702 Floril.
750 2642 852 2715 XCIV,
868 2644 902 2701 16
922 2662 931 2703 t
949 2641 1071 2723 lipsiaco
1085 2643 1152 2722 πρὸς

377 2730 546 2807 εὐδαιμονίαν
560 2729 661 2789 ίλάττω
676 2735 818 2802 κεκτῆσθαι
831 2728 848 2801 ἢ
862 2730 948 2790 πολλάι
960 2730 1028 2808 μετδι
1042 2730 1150 2812 φθόνου·

375 2818 419 2877 καὶ
432 2818 482 2898 γάρ
497 2818 610 2877 καλλίων
625 2818 670 2877 καί
684 2819 763 2889 ἡδίων
777 2810 877 2886 οὗτοςθ
892 2817 955 2897 βίος.

738 2968 788 3009 21.

413 3076 518 3135 Joann.
535 3076 617 3136 Stob.
642 3076 742 3134 Ftoril.
760 3076 868 3149 xciii,
885 3080 922 3135 60
938 3099 945 3134 τ
963 3076 1000 3138 Ti
1009 3077 1061 3157 γάρ
1078 3078 1148 3135 ἐστιν

374 3164 523 3244 ἄνθρωπος,
538 3162 683 3231 ’ἀσθενείας
696 3162 852 3243 ὑπόδειγμα,
863 3168 955 3245 καιροῦ
966 3163 1095 3245 λάφυρον,
1105 3164 1148 3223 τό·

372 3276 423 3331 χης
436 3251 569 3329 παίγνιον,
594 3250 788 3329 μεταπτώσεως
808 3251 893 3325 εἰκών,
907 3252 999 3333 φθόνου
1014 3252 1059 3312 καὶ
1080 3275 1147 3324 συμ·

373 3354 453 3421 φορᾶς
467 3338 606 3418 πλάστιγξ,
624 3338 653 3398 τδ
670 3340 697 3399 δὲ
716 3339 806 3401 λοιπθν
819 3342 924 3419 φλέγμα
944 3343 990 3402 καὶ
1002 3341 1081 3421 χολή.
1098 3342 1144 3400 cf.

372 3429 497 3487 Secundi
509 3428 674 3499 Sententia,
685 3428 761 3508 apud
773 3428 908 3488 Mullacb.
921 3429 1036 3506 Fragm.
1046 3430 1146 3489 Philo·

372 3515 455 3595 soph.
470 3536 512 3592 gr.
524 3529 545 3577 t.
562 3516 588 3592 l,
603 3536 630 3596 p.
648 3517 716 3576 513.

739 3688 775 3733 ιθ.

402 3767 615 3827 Quemadmodum
626 3770 650 3819 in
662 3770 782 3821 medicina
795 3770 848 3821 dori
858 3769 935 3832 aiunt,
949 3774 1088 3835 utrorpora
1098 3786 1146 3821 uon

368 3870 431 3921 pura
444 3870 494 3920 uuo
510 3858 588 3921 magis
603 3858 728 3919 nutrieris,
743 3872 773 3909 eo
789 3860 866 3923 magis
876 3859 960 3920 laedas,
976 3858 1144 3922 quioimirum

367 3944 490 4009 corruptis
506 3946 651 3996 humoribus
667 3950 793 3996 materiam
814 3960 842 3996 ac
855 3946 989 3996 lomentum
1010 3945 1143 4010 subjicias:

368 4034 405 4083 sic
418 4036 443 4083 et
455 4034 497 4097 qui
507 4034 591 4098 pravis
606 4034 761 4099 opinionibus
772 4037 958 4099 preoccupatus
969 4034 1009 4095 sit,
1026 4048 1076 4099 quo
1088 4036 1145 4099 ptus

367 4121 488 4183 docueris,
503 4136 532 4171 eo
542 4122 620 4185 magis
631 4122 715 4183 ladas,
728 4127 833 4184 majores
849 4122 952 4173 subinde
964 4122 1028 4173 male
1037 4123 1144 4186 falseque
1214 4170 1219 4181 ,

365 4209 486 4259 sentiendi
500 4211 640 4259 occasiones
650 4210 770 4274 prrubous.

738 4302 774 4349 19.

397 4384 517 4433 invidiam
533 4384 632 4434 dicebat
646 4384 744 4435 illorum
760 4386 927 4437 adversariam
943 4398 997 4436 esse
1008 4385 1051 4449 qui
1068 4386 1141 4435 robus

365 4462 479 4521 secundis
501 4476 613 4523 utuntur.

732 4564 769 4611 ιθ.

397 4648 484 4699 Melius
503 4654 541 4701 ost
564 4650 596 4701 ad
616 4649 757 4702 felicitatem
778 4652 895 4715 pauciora
914 4652 1050 4716 possidere,
1065 4668 1140 4718 quam

257 4730 261 4737 '
362 4734 443 4783 muita
453 4750 509 4785 cum
522 4738 625 4788 invidia.
644 4742 705 4790 Nam
720 4738 766 4788 isto
778 4738 828 4789 rita
841 4738 986 4790 laudabilior
997 4744 1023 4789 ot
1040 4741 1141 4791 suavior

365 4826 411 4873 ost.

730 4921 768 4965 21.

396 4994 518 5055 Quidnam
534 5002 573 5050 est
582 4998 673 5053 bomo?
685 5002 862 5054 imbecillitatis
877 5003 1025 5069 cacmplum,
1042 5010 1136 5069 tompo-

362 5086 399 5135 ris
410 5083 523 5150 spolium.
535 5086 640 5139 fortuna
649 5102 744 5153 cursus,
761 5090 931 5143 inconstantia
939 5090 1029 5156 imago,
1040 5092 1138 5167 invidia

364 5178 389 5226 et
401 5172 547 5225 calamitatis
560 5174 653 5227 trutina
665 5196 670 5227 ι
684 5177 806 5240 robquum
823 5191 883 5230 vero
892 5180 982 5244 pituita
996 5183 1021 5231 et
1031 5160 1097 5229 bilis.

929 400 1177 466 ARISTOTELIS
1197 408 1442 475 FRAGMENTA.

1577 570 1625 609 22·

1252 684 1411 762 Appendix
1426 686 1553 748 Floreat.
1573 691 1610 749 ad
1626 690 1736 755 Joann.
1760 696 1838 757 Stob.
1859 699 1893 770 t,
1909 722 1956 757 rr:

1253 788 1321 846 cnsp
1336 774 1350 829 θ
1370 764 1440 841 οἶνος
1451 785 1571 855 κιρνᾶται
1584 786 1638 845 τοῖς
1653 783 1705 839 τῶν
1726 781 1847 841 πινόντων
1861 787 1957 863 τρόποις,

1213 856 1281 914 adro
1304 859 1380 933 xcii,
1396 864 1470 940 φιλία
1489 873 1542 931 τοῖς
1554 867 1606 922 τῶν
1617 868 1763 945 χρωμένων
1779 871 1855 943 ἤθεσι.
1870 876 1959 932 Dento-

1213 944 1307 1005 stireni
1321 946 1462 1009 tribuitur
1473 954 1506 1009 in
1527 954 1647 1013 Antonii
1659 955 1727 1018 Mel.
1746 958 1772 1032 l,
1788 982 1814 1019 c.
1829 958 1870 1032 κδ’,
1881 983 1906 1040 p.
1920 966 1960 1034 ιθ,

1201 1032 1264 1097 ⁴ubi
1296 1036 1404 1111 legitur
1430 1042 1527 1098 statim
1548 1056 1616 1120 post
1635 1047 1807 1106 seutentiam
1832 1051 1961 1111 Aristoteli

1214 1119 1401 1201 adscriptam.

1578 1264 1627 1324 23.
1690 1326 1695 1335 ,

1252 1380 1360 1437 Anton.
1390 1379 1505 1441 Melissa
1525 1384 1552 1457 1,
1577 1407 1602 1445 c.
1621 1387 1658 1461 α’,
1680 1411 1712 1465 p.
1729 1391 1766 1449 3:
1784 1390 1857 1473 Ἀρχὴ
1880 1394 1963 1474 ἀρίστη

1211 1465 1317 1523 πάντων
1330 1465 1378 1544 μέν
1393 1472 1407 1527 ὁ
1421 1470 1486 1542 θεός,
1501 1475 1598 1550 ἀρετῶν
1613 1476 1640 1534 δέ
1653 1478 1783 1539 εὗσέθεια.

1578 1613 1626 1672 at.

1252 1729 1360 1788 Auton.
1386 1730 1453 1793 Mel.
1478 1733 1504 1806 1,
1520 1756 1546 1793 c.
1561 1735 1611 1809 νθ’,
1632 1758 1661 1816 p.
1678 1738 1715 1797 55
1736 1760 1743 1796 :
1761 1739 1900 1816 Πάντεςὼς
1912 1745 1968 1811 ἔπος

1212 1821 1305 1897 εἰπεῖν,
1321 1820 1379 1889 τοὺς
1394 1822 1442 1901 μέν
1457 1830 1650 1907 ὑπηρετοῦντας
1664 1830 1750 1892 αὐτῶν
1765 1836 1822 1901 ταῖς
1834 1837 1970 1912 ἐπιθυμίαις

1212 1906 1386 1988 ἀποδέχονται
1396 1913 1441 1970 καὶ
1453 1917 1600 1988 νομίζουσιν
1614 1918 1643 1976 οὗ
1659 1916 1737 1995 μόνον
1752 1920 1836 1989 εὔνως
1848 1922 1911 1979 ἀλλά
1929 1925 1971 1981 καὶ

1212 1994 1304 2071 μόνους
1328 1998 1424 2080 ἄνδρας
1443 2004 1478 2070 ὡς
1499 2004 1602 2075 ἀληθῶς
1615 1994 1691 2079 εἶναι,
1704 2007 1758 2074 τοῖς
1781 2007 1809 2065 δὲ
1820 2010 1972 2088 σωφρονίζειν

1210 2084 1385 2163 ἐπιχειροῦσιν
1399 2089 1485 2161 ἀηδῶς
1497 2089 1613 2169 ἔχουσιν.

1573 2224 1621 2282 25.

1247 2354 1388 2432 Georgid.
1414 2357 1555 2419 Gnomol.
1583 2360 1614 2419 in
1636 2361 1771 2423 Boissou.
1794 2365 1901 2424 Auecd.
1917 2382 1939 2427 t.
1953 2370 1975 2438 1,
2019 2369 2020 2396 ³

1208 2462 1238 2517 p.
1256 2444 1292 2551 ὅθ
1311 2466 1318 2502 ι
1341 2443 1434 2522 Λέγιιν
1457 2444 1505 2545 μὲν
1520 2447 1559 2507 δεῖ
1572 2451 1606 2515 ὣς
1625 2452 1649 2509 ot
1663 2450 1768 2525 πολλοί,
1782 2462 1845 2513 νοεῖν
1858 2454 1885 2512 δέ
1900 2458 1937 2523 ὡς
1954 2460 1978 2514 οἱ

1207 2551 1293 2610 capot.
2019 2557 2020 2572 ¹

1573 2667 1621 2725 αθ.
2019 2681 2020 2766 γ

1244 2789 1384 2867 Georgia.
1409 2792 1546 2854 onoma.
1570 2798 1601 2855 a
1621 2798 1754 2859 corson.
1776 2803 1890 2864 meaa.
1915 2818 1938 2863 ι.
1961 2807 1979 2873 ι,
2019 2769 2020 2854 i

1203 2900 1234 2955 p.
1252 2900 1287 2956 9¹
1308 2880 1372 2939 :Ti
1385 2883 1470 2961 εθρεῖν
1485 2884 1567 2964 ἀνδρα
1581 2886 1674 2947 πιστὸν
1688 2888 1762 2969 ἔργον
1783 2889 1854 2950 ἐστί·
1876 2894 1980 2972 podius
2019 2939 2020 2946 ,

1205 2967 1232 3026 δὲ
1248 2970 1345 3039 πλῆθος
1358 2968 1537 3049 ἀναρίθμητον
1548 3018 1555 3031 .
1567 2974 1639 3045 Quas
1650 2976 1800 3037 Aristoteli
1814 2981 1895 3039 male
1908 2984 1981 3060 apud
2019 2961 2020 3030 ί

1203 3056 1327 3116 eundem
1348 3058 1490 3118 tribuitur
1510 3064 1651 3123 sententia
1669 3085 1700 3143 p.
1716 3086 1748 3141 9,
1769 3087 1831 3126 uon
1848 3070 1935 3128 iliius
1946 3084 1984 3128 est
2019 3101 2020 3134 ι

1202 3145 1253 3205 sed
1269 3147 1472 3208 Demosthenis
1487 3151 1519 3208 in
1530 3151 1582 3210 Or.
1603 3153 1640 3211 de
1652 3152 1780 3227 Corona,
1798 3157 1818 3232 S
1833 3159 1909 3215 οόν.
2019 3149 2020 3220 f

1570 3313 1619 3365 ογ.

1242 3428 1331 3487 ilutil.
1344 3430 1444 3507 Lupus
1457 3429 1494 3487 de
1505 3431 1623 3507 Figuris
1632 3431 1760 3491 Sentent.
1775 3433 1803 3507 l,
1816 3456 1842 3496 c.
1858 3437 1880 3491 6
1892 3459 1900 3493 :
1915 3442 1985 3495 Ιιεπι

1202 3518 1395 3577 Anrsroraaus
1408 3520 1512 3575 dicitur
1519 3524 1626 3578 dixisse
1640 3542 1650 3578 .·
1663 3524 1732 3594 Ejus
1741 3543 1803 3579 esse
1811 3530 1913 3582 uitam
1927 3529 1989 3583 bes·

1570 3692 1608 3735 22.

1231 3769 1269 3817 tta
1282 3770 1311 3817 ut
1329 3766 1414 3816 riuum
1431 3769 1583 3830 temperatur
1594 3770 1754 3820 convivamur
1767 3771 1902 3833 moribus,
1917 3774 1955 3823 ita
1967 3779 1990 3822 et

1200 3854 1307 3903 anicitia
1320 3854 1421 3917 ingeniis
1430 3868 1516 3905 eorum
1528 3856 1571 3918 qui
1585 3868 1615 3905 ca
1624 3859 1738 3907 utuntur.

1564 3991 1603 4037 28.

1228 4085 1378 4150 Principium
1397 4085 1506 4135 omnium
1526 4085 1646 4148 optimum
1665 4086 1743 4146 deus,
1768 4086 1908 4139 virtutum
1935 4103 1993 4138 ion)

1196 4172 1283 4233 italia·

1561 4277 1601 4325 24.

1227 4385 1318 4432 omues
1333 4383 1396 4444 lare,
1409 4382 1549 4446 quicunque
1566 4382 1657 4432 nostris
1675 4382 1825 4433 libidinibus
1839 4385 1995 4450 indulgent.

1194 4469 1225 4519 iis
1236 4469 1434 4534 obtemperamus
1445 4474 1472 4521 et
1483 4484 1526 4520 eos
1534 4484 1582 4519 uon
1599 4470 1679 4521 sotum
1696 4469 1838 4521 benevotos
1850 4473 1909 4523 sod
1919 4476 1949 4522 et
1961 4488 1996 4519 so

1194 4557 1232 4608 los
1246 4571 1317 4609 rcros
1334 4571 1389 4608 osse
1399 4556 1466 4607 viros
1477 4560 1609 4623 putamus3
1621 4558 1684 4608 male
1699 4560 1785 4608 autem
1799 4558 1947 4609 &bemus
1957 4575 1996 4621 ηις.

1195 4657 1240 4693 nos
1255 4643 1287 4693 ad
1300 4656 1385 4693 sanam
1397 4647 1504 4693 ruentem
1520 4656 1640 4693 revocare
1655 4643 1765 4693 student.

1561 4774 1599 4819 25.

1224 4880 1303 4947 loqui
1314 4882 1411 4945 oportet
1424 4880 1585 4943 repletique,
1599 4879 1707 4942 cogitare
1717 4893 1780 4930 vero
1793 4884 1828 4932 ut
1836 4884 1993 4948 sapientes.

1558 4990 1596 5033 td.

1223 5090 1310 5139 Virum
1327 5089 1405 5139 lidum
1416 5089 1524 5140 'carenire
1538 5102 1600 5153 opus
1613 5090 1812 5141 estzmalorum
1831 5106 1916 5145 vero
1936 5093 2000 5141 ἰτιιια

1192 5176 1317 5227 morabilis
1331 5180 1369 5227 est
1378 5175 1521 5227 multitudo.
