4134 6134
355 409 393 466 tt
900 399 1146 462 ARISTOTELIS
1167 401 1416 463 FRAGMENTA.

353 539 428 594 illurl
446 537 606 594 Alcibiadis
628 535 774 610 sraoerficie
786 531 1007 608 pulcherrimum
1026 552 1126 608 corpus
2004 476 2005 549 ί

1183 534 1252 590 dum
1272 536 1340 603 erit,
1360 537 1528 596 convenire.
1544 535 1616 604 Qua
1639 533 1746 596 hosius
1766 550 1921 616 praeterea
1935 541 1966 596 al
2004 558 2005 571 ι

355 632 539 700 turpissimum
547 625 709 680 videretur?

394 712 462 770 ilaec
473 711 524 769 vin
537 710 572 768 ad
584 728 618 768 eu
625 720 762 787 spectant,
771 727 837 784 quae
849 706 926 786 apud
939 706 1124 767 Aristotelem

354 800 389 856 de
403 799 510 858 Gener.
526 811 555 856 et
578 796 715 874 Corrupt.
730 798 761 868 1,
780 816 805 854 c.
820 816 873 868 10,
889 797 906 872 §
925 817 954 867 7,
976 795 1123 871 leguntur,

355 885 405 943 ubi
419 897 450 944 ut
459 885 640 962 quorundam
651 883 813 942 doctrinam
825 883 861 942 de
877 883 1018 942 mixtione
1028 884 1126 961 impu·

354 987 454 1051 guarel
465 993 499 1032 eo
518 975 610 1032 utitur
628 984 817 1048 argumento:
833 974 883 1051 Τῷ
900 974 999 1048 Λυγκεῖ
1014 971 1038 1028 δ’
1053 970 1126 1030 ούθίν

353 1060 526 1138 μεμιγμένον,
537 1062 588 1121 sed
601 1061 699 1139 potius
712 1059 749 1117 ad
761 1060 920 1136 dialogum,
933 1079 950 1119 e
965 1057 1074 1136 quihus
1085 1057 1128 1116 io·

353 1169 418 1207 cum
438 1170 455 1208 a
470 1150 591 1209 Boethio
609 1150 728 1208 allatum
751 1169 842 1228 supra
856 1148 917 1226 jam
930 1147 1072 1208 vidimus.
1087 1145 1127 1204 Ut

354 1257 425 1296 vero
439 1238 476 1297 ad
490 1237 639 1297 Eroticum
650 1237 787 1296 referrem
801 1237 943 1296 adductus
957 1256 1020 1296 sum
1034 1235 1127 1296 simil·

353 1326 424 1385 limo
437 1326 503 1386 loeo
518 1327 549 1385 in
561 1345 620 1404 quo
633 1325 782 1383 Arnobius
795 1325 832 1383 de
841 1325 962 1383 deorum
975 1323 1127 1385 autoribus

353 1433 441 1490 agens
461 1417 500 1472 ita
516 1415 602 1486 dixit,
617 1413 756 1472 adversus
769 1413 876 1470 Gentes
889 1410 936 1481 tv,
950 1413 986 1470 οδ
1002 1432 1009 1468 ι
1025 1414 1124 1483 Cares,

353 1508 470 1570 viscera,
500 1509 605 1580 pituita
630 1516 713 1577 atque
727 1508 818 1558 omnis
838 1503 890 1556 illa
904 1503 1042 1576 proluvies
1063 1507 1131 1556 inte:

354 1597 487 1647 stinorum
518 1594 569 1647 sub
594 1593 740 1648 involucris
766 1594 929 1659 constituta,
958 1607 1044 1662 quam
1073 1607 1129 1644 non

354 1681 435 1736 morlo
450 1681 576 1747 errcerts
597 1680 646 1734 illc
658 1679 828 1752 penetrabili
847 1683 909 1733 acie
922 1682 1013 1751 possit
1027 1675 1126 1732 lrorre·

352 1785 437 1836 scere,
448 1771 637 1822 verumetiam
648 1770 737 1840 quivis
748 1767 889 1820 altersoia
897 1767 948 1820 vei
959 1769 1128 1841 cogitatione

353 1859 454 1913 usitare.

592 2011 640 2070 tx.
662 2009 895 2071 ztunoztou.

398 2172 491 2230 Tituli
517 2171 668 2246 Συμπόσιον
694 2171 719 2228 α’
748 2170 824 2248 apud
847 2171 1007 2246 Diogenem
1031 2169 1125 2230 Laert.

358 2258 415 2334 (ro)
430 2261 550 2331 mentio,
573 2259 649 2336 apud
673 2262 854 2333 Anonymum
870 2257 976 2316 omissa
1001 2270 1059 2326 est,
1077 2277 1129 2316 nec

355 2347 412 2404 huc
427 2347 490 2406 sine
512 2345 776 2405 dubiouahendus
793 2357 838 2404 est
862 2345 913 2423 qui
935 2345 965 2402 in
990 2345 1052 2406 sola
1074 2365 1128 2423 ap-

356 2434 479 2512 pendice
504 2434 541 2492 ad
556 2434 704 2512 Anonymi
719 2432 845 2491 iudicem
860 2433 968 2508 legitur
981 2432 1053 2512 (ar),
1068 2431 1129 2509 περὶ

356 2521 503 2582 Συσσιτίων
528 2520 546 2591 ἢ
578 2520 750 2598 Συμποσίου.
780 2521 928 2599 Symposii
963 2521 1130 2580 Aristotelis

356 2631 420 2668 rum
446 2610 511 2668 aliis
527 2609 660 2667 meminit
680 2608 853 2666 Plutarchus
868 2608 976 2677 Quaest.
1000 2608 1126 2667 (ἐστινέν.

355 2698 384 2767 1,
398 2717 443 2776 ρι’.
462 2698 477 2754 δ
496 2719 503 2754 ι
520 2697 600 2756 Ἀλλδι
611 2696 657 2754 καί
675 2699 728 2754 τῶν
743 2695 890 2776 φιλοσόφων
904 2695 963 2765 τοθς
985 2698 1130 2776 έλλογιμιι·

355 2786 447 2852 τσίτσυς
464 2789 721 2866 ἀντιμαρτυροῦντας
739 2784 807 2864 ἔχειν
821 2783 967 2862 Πλάτωνα,
988 2785 1033 2842 καὶ
1048 2787 1131 2844 Ξενο·

354 2877 455 2952 φῶντα,
474 2875 519 2933 καὶ
534 2872 779 2954 Ἀριστοτέλην,
794 2873 839 2930 καὶ
851 2871 1038 2947 Σπεύσιππον,
1051 2873 1130 2934 Ἐπί-

353 2963 445 3042 κουρόν
465 2986 493 3021 τε
511 2961 556 3023 καί
573 2961 724 3041 Πρύτανιν,
739 2959 785 3018 καί
809 2957 964 3038 Ἱερώνυμον
977 2959 1023 3018 καί
1042 2959 1130 3021 Δίωνα

355 3055 435 3125 [lori.
450 3051 547 3131 Βίωνα)
558 3051 602 3111 τδν
611 3049 637 3120 ἐξ
650 3048 823 3124 Ἀκαδημίας,
837 3051 872 3113 ὥς
884 3047 954 3117 ἄξιόν
965 3071 1033 3115 τινος
1049 3071 1130 3109 σπου·

353 3141 398 3210 itu
416 3140 608 3216 πεποιημένους
628 3137 701 3216 ἔργον
727 3135 929 3217 ἀναγράψασθαι
945 3136 1037 3214 λόγους
1055 3135 1130 3215 παρὰ

354 3227 432 3286 πότον
446 3228 614 3304 γενομένους,
635 3246 720 3304 quem
741 3225 839 3284 locum
853 3225 1032 3302 expressisse
1044 3223 1128 3283 ride·

354 3328 418 3384 tur,
432 3327 463 3372 ut
483 3333 570 3391 saepe,
587 3313 767 3384 Macrobius,
784 3316 898 3371 Saturn.
915 3309 986 3382 Vll,
1010 3313 1047 3386 3,
1064 3313 1102 3369 αθ
1120 3333 1127 3368 ι

356 3407 446 3476 Quum
471 3407 588 3476 uideas,
607 3410 737 3478 inquam,
753 3423 858 3478 anceps
874 3422 933 3458 esse
946 3422 1027 3458 omne
1039 3422 1130 3458 scom-

355 3506 457 3547 matum
473 3511 576 3564 genus,
591 3494 695 3548 ευαείσο
714 3497 742 3546 in
764 3495 890 3546 conuiuiis
906 3497 935 3546 in
957 3492 1057 3564 quibus
1070 3493 1128 3546 ἱα-

355 3585 426 3634 ιίιῐια
440 3583 586 3635 iruidiatur
603 3586 663 3654 ira,
678 3581 715 3635 ab
732 3581 815 3652 liujus
825 3581 900 3635 modi
911 3581 990 3634 dictis
993 3576 1129 3651 facessas

354 3679 384 3722 et
399 3674 492 3742 magis
506 3674 670 3741 quastione-s
687 3669 842 3724 conuiuales
853 3668 906 3722 vel
921 3686 1064 3742 proponas
1082 3669 1132 3722 vel

353 3760 411 3828 ipse
431 3757 573 3811 dissolvas.
593 3757 676 3827 Quod
692 3773 781 3828 genus
798 3767 906 3810 veteres
928 3760 970 3809 ita
993 3757 1128 3811 ludicrum

353 3863 408 3898 non
420 3856 567 3918 putarunt,
591 3856 621 3899 ut
638 3856 667 3898 et
680 3843 884 3900 Aristoteles
897 3845 933 3898 de
951 3849 1020 3918 ipsis
1032 3846 1130 3918 aliqua

352 3938 548 4007 conscripserit
569 3945 598 3987 et
621 3932 790 3988 Plutarchus
814 3944 844 3987 et
860 3944 954 3987 vester
975 3934 1127 4006 Apulcjus,

353 4037 403 4074 uec
423 4021 650 4076 contemnendum
670 4024 707 4074 sit
719 4021 795 4093 quod
815 4031 855 4074 tot
867 4017 1128 4093 philosophantium

353 4126 448 4162 curam
469 4112 582 4176 meruit,
596 4107 650 4163 etsi
671 4105 791 4169 minime
813 4123 919 4180 negare
936 4106 1041 4179 veiim,
1063 4127 1129 4184 quae

352 4280 403 4336 aiii
428 4280 540 4339 cuidam
560 4281 727 4360 philosophi
742 4281 836 4356 libro,
861 4283 946 4358 Νόμοι
968 4285 1127 4358 συμποτικοὶ

352 4367 398 4422 πεί
414 4369 567 4434 Συσσιτικδς
590 4370 749 4448 inscripto,
774 4369 885 4448 dequo
906 4384 1004 4448 postea
1023 4371 1124 4430 viden·

650 4535 836 4584 convivunt.

729 4654 750 4697 i.

386 4757 482 4821 Sappho
494 4759 576 4808 monet
590 4761 699 4810 coronari
716 4773 782 4812 saort
797 4760 924 4824 iacientes,
939 4762 994 4824 quia
1006 4763 1130 4824 puioluius

1183 620 1350 680 Aristotelis
1360 619 1546 700 symposium
1566 623 1675 682 referre
1687 637 1810 682 conatus
1831 638 1883 683 est
1899 625 1964 683 Plu·
2005 626 2006 653 ί

1183 707 1275 765 tarehi
1286 708 1393 780 verba,
1404 709 1469 767 Non
1481 728 1567 788 posse
1578 711 1706 770 suaviter
1721 712 1786 770 rivi
1798 731 1863 772 sec.
1884 713 1963 790 Epic.

1182 816 1209 857 c.
1227 796 1261 853 ιδ
1275 817 1282 852 :
1294 797 1320 854 'i'
1322 797 1331 854 ί
1344 795 1436 873 λέγεις,
1446 785 1468 854 th
1480 796 1637 877 Ἐπίκαερες
1650 801 1807 880 κιθαρῳδῶν
1821 801 1875 858 καὶ
1887 803 1965 872 alis,-

1181 886 1234 940 τῶν
1252 882 1331 941 lanu
1341 883 1531 961 ἀκροασόμενος
1541 886 1578 951 είς
1591 885 1622 945 τδ
1631 883 1741 964 θέατρον
1752 885 1892 964 βαδίζεις,
1903 889 1931 946 ἓν
1943 891 1966 946 δὲ
2005 926 2006 933 1

1182 970 1322 1050 συμποσίῳ
1335 972 1507 1050 Θεοφράστου
1522 973 1583 1050 περὶ
1598 975 1755 1053 συμφωνιῶν
1772 976 1965 1053 διαλεγομένου

1183 1058 1228 1117 καὶ
1250 1057 1423 1137 Ἀριστοξένου
1443 1059 1503 1140 περὶ
1525 1058 1680 1136 μεταόολῶν
1702 1062 1748 1120 καί
1762 1061 1883 1142 Ἀριστ
1897 1066 1964 1122 οτέ-
2005 1074 2006 1083 ’

1181 1145 1260 1211 λους
1279 1146 1337 1221 (ita
1360 1147 1466 1223 corrig.
1487 1167 1543 1226 pro
1561 1146 1777 1228 Ἀριστοφάνους)
1793 1151 1861 1229 περὶ
1876 1149 1964 1228 ‘Qui-

1182 1256 1244 1313 ρου,
1260 1233 1294 1291 τό
1307 1223 1363 1292 ὦτα
1385 1234 1527 1317 καταλήψῃ
1543 1243 1600 1304 ταῖς
1622 1237 1698 1316 χερσί
1718 1238 1909 1317 δυσχεραίνων
1926 1243 1964 1299 καὶ

1182 1320 1396 1398 βδελυττόμενοςς
1429 1312 1475 1381 εἶτ’
1496 1325 1544 1381 ούιι
1572 1323 1762 1403 ἐμμελέστερον
1787 1327 1963 1406 ἀποφαίνουσι

1181 1407 1225 1466 τδν
1246 1407 1351 1480 Σκύθην
1371 1408 1478 1485 Ἀτέαν,
1499 1408 1527 1478 ὃς
1550 1410 1685 1488 Ἰσμηνίου
1706 1419 1752 1472 τοῦ
1775 1414 1902 1484 αύλητοῧ
1922 1415 1962 1484 λη·

1182 1495 1287 1575 φθίντος
1294 1499 1466 1577 αἰχμαλώτου
1477 1500 1605 1578 καίπαρθ
1613 1501 1692 1560 πότον
1707 1501 1888 1572 αὐλήσαντος.
1900 1499 1963 1577 ὤρο-

1182 1605 1226 1642 σιν
1246 1583 1319 1656 ἥδιον
1334 1585 1438 1646 ἀκούειν
1458 1592 1504 1647 τοῦ
1528 1587 1612 1648 ίππου
1626 1590 1843 1669 χρεμετίζοντος,
1861 1609 1915 1661 ea,
1936 1605 1961 1647 ut

1182 1693 1248 1751 (μιαν
1265 1694 1354 1754 supra
1372 1697 1397 1736 c.
1424 1677 1610 1753 releguntur
1636 1700 1644 1735 ι
1673 1678 1783 1756 γράφειν
1799 1677 1868 1757 περὶ
1881 1677 1960 1752 Ὁμη-

1183 1785 1228 1840 ρου
1252 1763 1298 1822 καί
1321 1765 1381 1845 περὶ
1398 1765 1555 1845 Εὐριπίδου,
1576 1771 1611 1834 ὡς
1633 1766 1895 1846 Ἀριστοτέλης,
1922 1770 1960 1825 καὶ

1183 1850 1379 1931 Ἡρακλείδης,
1395 1854 1441 1912 καί
1465 1855 1643 1936 Δικαίαρχος,
1665 1857 1773 1914 rectius
1791 1854 1919 1913 fortasse
1930 1858 1958 1912 ul

1184 1938 1365 2008 Quaestiones
1382 1941 1551 2002 Homericus
1565 1945 1712 2022 pertinere
1735 1941 1958 2009 arbitrabimur,

1185 2025 1252 2084 iicet
1275 2027 1432 2087 homerum
1458 2030 1489 2088 in
1512 2032 1659 2092 Convivia
1688 2052 1747 2090 non
1771 2032 1872 2107 magis
1896 2052 1958 2109 pm

1184 2117 1296 2176 terierit
1315 2118 1484 2177 Aristoteles
1498 2137 1584 2197 quam
1601 2119 1632 2178 id
1651 2120 1681 2178 in
1707 2118 1863 2178 Platonico
1882 2119 1959 2195 Syra-

1184 2205 1268 2284 posio
1282 2206 1387 2264 iactum
1400 2225 1463 2266 esse
1477 2207 1621 2268 videmus.

1508 2361 1534 2397 ¹·
1556 2341 1630 2416 θεν)

1225 2469 1379 2528 Athenaeus
1401 2469 1461 2543 XV,
1488 2492 1518 2550 γι.
1544 2471 1652 2546 67l·F
1677 2465 1752 2538 ιὮς
1775 2471 1958 2548 εὐανθέστερον

1183 2555 1234 2636 γδιρ
1250 2557 1295 2616 καί
1316 2559 1506 2638 κεχαρισμένον
1530 2561 1630 2635 μᾶλλον
1649 2563 1704 2636 τοῖς
1724 2564 1791 2626 θεοῖς
1807 2561 1959 2640 παραγγελ-

1184 2649 1223 2704 λει
1251 2646 1283 2726 (ἡ
1307 2643 1412 2726 Σαπφὼ
1435 2649 1519 2726 scil.)
1543 2651 1734 2730 στεφανοῦσθαι
1755 2648 1817 2719 τὼς
1846 2647 1960 2713 θύοντας

1184 2731 1413 2814 Ἀριστοτέλης
1448 2736 1470 2794 δ’
1494 2739 1521 2794 lu
1537 2742 1574 2819 τῷ
1590 2737 1738 2819 Συμποσίῳ
1760 2735 1841 2817 φησὶν
1858 2736 1903 2796 ὅτι
1922 2740 1960 2794 ὠ·

1184 2821 1226 2879 δέν
1248 2822 1357 2881 κολσόδν
1372 2823 1553 2904 προσφέρομεν
1567 2827 1632 2906 πρὸς
1651 2824 1712 2894 τοὺς
1726 2824 1809 2896 θεοθς,
1824 2826 1901 2884 ἀλλὰ
1914 2827 1957 2884 τέ-

1184 2911 1242 2969 λεια
1268 2912 1313 2969 καὶ
1338 2909 1396 2969 ite·
1426 2913 1458 2972 τὸ
1480 2913 1507 2972 δὲ
1531 2916 1628 2994 πλῆρες
1652 2913 1751 2974 τέλειόν
1774 2916 1847 2992 latr,
1882 2915 1916 2973 τδ
1938 2915 1959 2970 δὲ

1186 2996 1289 3077 στέφειν
1312 2999 1448 3080 πλήρωσίν
1463 3023 1526 3088 τινα
1536 3002 1669 3080 σημαίνει.
1681 3000 1812 3082 Ὅμηρος,

1247 3145 1333 3205 Κσῡροι
1348 3143 1372 3192 δὲ
1386 3149 1500 3208 κρητῆρας
1515 3145 1671 3210 ἐπεστέψαντο
1683 3151 1768 3195 ποτοῖο

1723 3215 1768 3276 (li.
1787 3231 1813 3274 α,
1831 3215 1890 3276 470)

1185 3335 1230 3394 καί

1179 3496 1184 3507 ·
1248 3468 1378 3524 ’atratus
1390 3469 1478 3532 uopthv
1492 3469 1558 3518 ίπισι
1568 3471 1647 3529 στέφει
1659 3467 1716 3533 (oi.
1731 3471 1753 3528 θ,
1766 3469 1831 3532 tior

1184 3584 1243 3652 τοθς
1263 3584 1316 3663 γλιρ
1332 3576 1366 3642 αύ
1384 3585 1433 3657 τὴν
1452 3589 1511 3668 ὄφιν
1537 3587 1682 3666 όμόρφους,
1697 3586 1792 3667 φησίν,
1813 3589 1961 3666 ἀναπληροῖ

1184 3676 1200 3743 ἡ
1215 3676 1259 3730 τοῦ
1274 3672 1359 3752 λέγειν
1376 3672 1528 3746 πιθανότης.
1541 3672 1646 3733 Ἔοικεν
1662 3666 1706 3733 σύν
1719 3678 1732 3732 ό
1746 3673 1873 3756 στέφανος
1886 3681 1960 3734 τοῦτο

1183 3764 1265 3819 ποιεῖν
1284 3758 1430 3838 βούλεσθαι.
1449 3761 1497 3821 Διὸ
1518 3761 1564 3822 καί
1582 3764 1643 3841 περὶ
1662 3762 1696 3820 τίς
1714 3761 1797 3836 πένθη
1812 3767 1960 3824 robustior

1183 3846 1428 3925 παρασκευάζομεν·
1442 3849 1588 3930 ὁμοπαθείᾳ
1602 3850 1653 3930 γδιρ
1668 3857 1714 3910 τοῦ
1733 3852 1900 3929 κεκμηκότος
1913 3877 1957 3913 νιο-

1183 3933 1311 4011 λοόυῦμεν
1333 3941 1404 4010 ἡμᾶς
1424 3936 1515 4004 αὐτοὺς
1536 3942 1568 4018 τῇ
1589 3962 1618 3997 τε
1631 3948 1714 4020 κουρᾷ
1729 3944 1782 4000 τῶν
1797 3946 1898 4022 τριχῶν
1918 3943 1958 4000 καὶ

1183 4027 1215 4103 τῇ
1229 4025 1280 4081 τῶν
1298 4025 1432 4104 στεφάνων
1447 4025 1596 4105 σἰφαιρίσει.

1154 4164 1156 4167 .
1223 4110 1328 4174 Faciem
1340 4131 1377 4170 ex
1394 4111 1530 4171 Athenaeo
1544 4111 1672 4174 Eustath.
1686 4116 1716 4173 in
1728 4115 1813 4174 iliad.
1827 4137 1860 4196 p.
1875 4117 1958 4183 1138,

352 4194 388 4251 de
410 4193 562 4252 Aristotele
582 4194 742 4252 dictasunt
766 4192 962 4265 ahiacrobio,
977 4214 1010 4253 ca
1030 4197 1128 4274 potius
1153 4172 1156 4241 ί

1184 4207 1233 4272 47,
1249 4200 1400 4262 nonnullis
1414 4214 1508 4258 tamen
1531 4203 1563 4260 in
1585 4203 1644 4261 fine
1657 4203 1767 4262 additis
1784 4223 1791 4260 ι
1814 4205 1901 4263 ἔοικεν
1915 4197 1957 4262 οὖν

1182 4288 1197 4344 θ
1210 4286 1336 4365 στέφανος
1348 4293 1424 4348 τοῦτο
1447 4291 1584 4368 βούλεσθαι
1598 4299 1690 4361 ποιεῖν,
1700 4291 1766 4352 καθὸ
1781 4291 1827 4350 καί
1842 4293 1961 4371 Ὠκεανῷ
2009 4334 2010 4339 ,

1183 4371 1253 4451 χθὼν
1269 4373 1363 4433 ἅπασα
1384 4374 1460 4447 δίκην
1483 4377 1564 4448 νήσου
1588 4379 1778 4458 έστιφοίνωται.
1800 4379 1853 4440 Διδ
1876 4383 1902 4438 ἐν
1924 4385 1962 4456 τῷ

1240 4493 1365 4500 ——....
1378 4495 1478 4501 -...-—.
1508 4497 1602 4502 --—-v.
1612 4498 1618 4502 .
1638 4499 1672 4502 --
1685 4497 1815 4505 ———--.—.

1183 4542 1208 4589 et

1235 4653 1281 4699 Sei
1290 4654 1348 4700 deus
1357 4653 1456 4700 iormrm
1467 4656 1544 4701 verbis
1553 4659 1657 4702 oorouat.

1182 4799 1241 4846 Nam
1261 4797 1375 4860 εθεμοοῖυ
1396 4796 1558 4861 deformibus,
1574 4799 1621 4860 ait,
1642 4799 1665 4848 id
1686 4800 1750 4862 quod
1774 4801 1847 4853 deest
1869 4803 1967 4865 σαμμίσί

1181 4883 1295 4934 orationis
1308 4884 1424 4936 ieeuudia.
1441 4885 1541 4936 Videtur
1552 4885 1623 4947 igitur
1640 4900 1728 4936 corona
1746 4887 1849 4950 intettiat
1868 4889 1919 4939 huc
1931 4891 1968 4938 ia·

1154 4984 1157 5083 γ
1181 4985 1243 5024 sere.
1255 4973 1336 5029 Quare
1354 4972 1378 5022 in
1394 4972 1459 5022 luctu
1472 4973 1618 5023 contrarium
1639 4973 1797 5026 instituimus.
1810 4979 1877 5028 Nasu
1889 4979 1968 5029 vetuti

1154 5088 1156 5103 ι
1178 5059 1349 5123 οσιιιραῖίοιιῖεε
1359 5073 1415 5110 oum
1431 5059 1559 5123 lelunoio,
1574 5062 1712 5112 mutilamus
1729 5075 1776 5113 nos
1796 5064 1867 5128 ipsos
1894 5071 1969 5117 uuo

1178 5149 1263 5211 capilio
1277 5151 1302 5200 et
1312 5149 1417 5199 detracta
1428 5163 1524 5201 corona.

354 4845 399 4894 imo
408 4847 431 4894 ei
445 4845 520 4909 magis
530 4846 687 4909 gratumdiis.
697 4849 834 4899 Aristoteles
843 4861 899 4899 reru
910 4849 935 4898 in
947 4850 1063 4901 convivio
1072 4852 1129 4901 sori-

352 4929 387 4980 bit
398 4949 404 4979 ι
419 4932 469 4980 Diis
479 4931 539 4982 nihil
552 4944 663 4983 mancum
673 4935 809 4996 oilerimus,
826 4936 868 4987 seri
878 4935 981 5000 perlecta
992 4940 1016 4988 ei
1028 4938 1127 5002 integra.
1155 4964 1157 4975 =

352 5021 474 5070 Coromre
494 5009 552 5071 vero
571 5021 753 5085 completionem
775 5023 896 5087 quandam
915 5025 940 5076 et
957 5025 1126 5088 perlectionem

351 5107 475 5168 significat.
490 5109 610 5159 Homerus
624 5127 631 5158 ι

404 5223 472 5269 lueri
482 5225 571 5279 ostem
581 5226 752 5271 somnarenrot
763 5225 831 5281 νΙιιος
