4134 6134
343 441 385 502 θθ
884 429 1133 493 AtttS't'ot'ELtS
1155 428 1407 490 FRAGMENTA.

346 584 447 629 mento
465 571 518 628 vix
532 588 607 648 opus
624 579 705 638 erat,
721 585 812 643 quum
829 566 989 644 praesertim
1003 566 1034 622 in
1048 564 1122 622 Μαι·
1178 565 1300 634 τοιαῦτα,
1318 560 1350 620 τὰ
1366 559 1393 619 il
1406 562 1433 619 tr
1447 559 1552 637 σώματι
1571 559 1655 640 ἰσχὺς,
1671 563 1777 634 κάλλος,
1793 562 1892 640 ὑγεία,
1912 566 1959 621 εὖτ-

347 660 431 717 ciaoa
454 657 628 717 collectione
655 654 746 714 multa
772 654 907 730 legantur
935 672 995 711 non
1023 651 1123 710 minus
1179 648 1219 718 ξία
1240 648 1286 706 καὶ
1307 646 1341 707 τὰ
1365 648 1433 707 ἄλλα
1460 647 1641 721 τὰτοιαῦτα,
1667 647 1701 708 τά
1727 649 1755 708 δὲ
1780 649 1864 716 ἐκτὸς
1889 653 1960 730 prin,

347 745 469 803 Platone
491 762 578 822 quam
604 743 761 802 Aristotele
781 760 906 820 prorsus
929 741 1069 816 indigna,
1087 759 1123 798 ne
1178 737 1298 808 πλοῦτος,
1316 733 1431 811 siricii«,
1452 735 1578 814 πατρίδος
1597 733 1760 811 εὐδαιμονία.
1775 738 1844 796 Τῶν
1861 741 1960 812 ἀγαθῶν

346 834 440 892 dicam
456 832 584 892 absurda
597 845 627 890 et
650 831 787 890 ridicula.
801 831 975 908 Quanquam
1003 843 1031 887 et
1046 849 1121 886 non·

347 923 428 982 nulla
440 919 728 997 insuntantiquioris
744 919 870 995 originis
883 933 981 996 aperta
993 918 1120 989 indicia,

347 1010 484 1090 inprimis
508 1029 578 1068 vero
592 1010 673 1088 quod
697 1009 733 1068 de
751 1008 929 1067 florentibus
943 1007 1038 1065 adhuc
1052 1006 1121 1064 Car-

345 1098 572 1176 thaginiensium
586 1097 675 1156 rebus
687 1111 716 1156 et
727 1097 848 1172 regibus
860 1116 925 1155 eum
943 1095 1121 1154 lncedaemo·

345 1189 461 1248 nimum
476 1199 539 1246 tum
556 1187 747 1245 Macedonum
763 1187 872 1244 dietum
891 1199 935 1244 est
950 1185 1008 1263 (ci.
1028 1183 1076 1241 lli
1092 1197 1120 1242 et

344 1277 444 1350 xlv),
458 1277 499 1335 ita
513 1288 545 1334 ut
558 1275 596 1332 de
616 1275 664 1332 his
677 1273 884 1333 Divisionibus
901 1273 978 1333 idem
999 1274 1122 1331 tortasse

344 1361 528 1422 statuendum
543 1362 598 1432 sit,
612 1359 692 1437 quod
703 1373 732 1418 et
743 1360 780 1418 de
792 1359 986 1419 problematis
996 1360 1122 1437 aliisque

344 1450 455 1510 talibus
477 1450 565 1510 libris
589 1449 816 1507 :collectionem
833 1450 880 1507 cui
901 1449 1025 1507 fortasse
1042 1467 1122 1525 quee-

345 1539 411 1598 dam
430 1539 546 1597 inerant
563 1537 600 1595 ab
613 1538 679 1615 ipso
702 1537 859 1596 Aristotele
870 1537 1038 1615 conscripta
1055 1537 1121 1594 sire

344 1648 383 1687 ex
406 1627 471 1704 ejus
495 1627 586 1686 libris
606 1637 761 1703 excerpta,
788 1639 891 1703 postea
912 1627 1005 1684 variis
1026 1625 1123 1683 modis

346 1729 461 1776 auctam
478 1728 508 1775 ct
528 1716 754 1794 interpolatam,
772 1715 804 1773 in
819 1715 926 1774 scholis
948 1715 1120 1793 Peripateti·

346 1825 446 1864 corum
469 1818 659 1883 propagatam
681 1805 779 1862 inisse.
797 1803 957 1881 Utramque
976 1804 1122 1862 collectio·

346 1913 411 1952 nem
428 1892 571 1963 dedimus,
588 1891 727 1968 Diogenis
748 1890 857 1950 Laertii
871 1891 1060 1950 (lobetianam
1074 1911 1123 1951 re-

346 1983 513 2042 censionem
530 1982 635 2051 secuti,
656 1979 834 2038 iliarcianam
855 1981 999 2058 qualeme
1023 1979 1124 2038 codice

347 2067 424 2130 iiose
435 2070 550 2149 primus
563 2068 666 2128 edidit.

688 2236 792 2316 (¹37·t

389 2412 534 2487 Diogenes
548 2409 643 2472 laert.
667 2407 722 2481 lll,
736 2410 774 2466 80
789 2431 796 2464 :
814 2405 906 2487 Διῄρει
919 2407 947 2465 it
968 2409 998 2485 ψθ
1011 2410 1124 2467 ΙΙ).άτων

348 2500 438 2575 scil),
452 2498 532 2578 μησίν
542 2496 592 2557 δἈ
602 2495 868 2578 praeemineret
879 2494 913 2552 τί
921 2495 1067 2574 πράγματα
1077 2503 1128 2556 τοῖν

348 2608 392 2645 τον
406 2587 450 2645 τόν
464 2585 572 2666 τρόπον.

388 2673 410 2732 Ι.
424 2677 486 2734 Τῶν
501 2675 604 2751 α’γαθῶν
619 2675 674 2731 ἐστι
686 2672 718 2731 τά
734 2672 781 2748 μὲν
797 2673 921 2751 ίνψυχῆ,
943 2670 976 2729 τὰ
989 2671 1014 2730 δ’
1035 2673 1062 2729 ἐν
1073 2671 1124 2730 σύ·

348 2784 423 2837 ματι,
434 2760 469 2819 τά
482 2761 504 2820 δ’
519 2759 601 2827 ἐκτός·
611 2752 696 2830 olori,
719 2759 766 2835 plu
791 2759 945 2830 δικαιοσύνη
958 2760 1004 2816 καὶ
1024 2763 1041 2830 ἡ
1060 2760 1126 2842 ιρρό-

347 2872 422 2920 νησις
444 2848 522 2921 καὶὴ
543 2847 649 2927 α’νδριία
663 2848 707 2906 καὶ
722 2845 881 2926 σωφροσύνη
905 2847 950 2904 καί
969 2846 1126 2908 τὰτοιαῦτα

347 2939 373 2995 ι’ν
387 2940 469 3017 ψυχῇ·
484 2935 515 2995 τὸ
527 2934 553 2995 til
570 2935 667 3003 κάλλος
681 2935 757 3004 καὶὴ
776 2933 862 3003 εὐεξία
884 2935 929 2993 καὶ
945 2939 963 3006 ἡ
981 2935 1067 3013 ὑγίεια
1083 2937 1128 2996 καὶ

345 3031 363 3096 ἠ
378 3023 454 3107 ἰσχύς
469 3028 497 3085 lu
511 3025 625 3101 σώματι·
637 3029 660 3085 ol
675 3023 703 3083 δί
715 3025 785 3105 φίλοι
801 3024 874 3096 καὶὴ
887 3028 934 3096 τῇς
947 3026 1071 3104 πατρίδος
1083 3028 1129 3085 εὐ-

348 3113 468 3190 δαιμονία
479 3115 524 3171 καί
537 3117 551 3172 δ
562 3116 674 3175 πλοῦτοι
688 3116 715 3171 ἐν
725 3119 778 3178 τοῖς
785 3110 943 3178 ἐκτός.·Ί“ῶν
951 3117 1057 3189 ἀγαθῶν
1076 3113 1128 3196 ἄρα

346 3204 406 3276 τρία
418 3201 475 3272 είδη
491 3201 556 3261 ε’στί·
570 3199 605 3259 τά
620 3203 669 3279 μίν
683 3204 804 3282 ἐνψυχῇ,
822 3200 857 3260 alt
870 3202 894 3258 δ’
914 3202 941 3259 lu
962 3199 1079 3279 σώματι,
1093 3203 1128 3262 τό

349 3291 373 3348 δ’
391 3289 477 3357 ίκτύς.

390 3377 464 3438 Cod.
487 3377 576 3439 Marc.
599 3379 616 3438 5
641 3400 648 3436 τ
667 3383 813 3459 Διαιρεῖται
837 3378 873 3439 τό
894 3379 980 3459 ἀγαθδι
1005 3383 1042 3448 εἷς
1058 3379 1128 3461 τρία·

348 3464 471 3544 ίστιγὰρ
493 3468 579 3524 αὐτῶν
593 3465 626 3524 τθι
648 3465 696 3540 μὲν
717 3470 743 3526 ἐν
767 3472 801 3546 τῇ
825 3471 915 3548 ψυχῇ,
932 3467 965 3526 τθι
984 3468 1012 3526 δὲ
1027 3470 1055 3526 ἐν
1076 3465 1127 3527 σιύ·

349 3576 425 3626 ματι,
440 3552 475 3612 alr
489 3553 516 3611 δὲ
527 3555 610 3620 ἐκτός.
627 3551 705 3611 Ἐστι
720 3552 747 3613 δὲ
757 3552 791 3612 sd
802 3555 849 3632 plu
865 3560 891 3615 lt
905 3559 978 3637 ψυχῇ
992 3555 1126 3637 φρόνησις,

348 3640 519 3717 δικαιοσύνη,
543 3641 652 3721 ἀνδρία,
684 3641 838 3721 σωφροσύνη
864 3645 910 3703 καὶ
937 3644 971 3702 τίς
1000 3645 1070 3704 dila
1092 3644 1126 3702 alr

1178 822 1230 903 ἄρα
1248 821 1282 882 τὰ
1298 822 1345 900 μίν
1367 825 1438 882 ἐστιν
1456 825 1587 903 ἐνψυχῇ,
1610 821 1644 882 τό
1656 821 1684 881 it
1700 825 1727 882 ίν
1742 821 1875 901 σώματι,
1890 827 1922 882 τὰ
1939 828 1958 883 Ξε

1178 909 1261 977 ίκτός.

1219 999 1264 1059 ld.
1292 999 1329 1057 56
1350 1018 1358 1057 :
1376 1001 1435 1056 Τῶν
1453 999 1536 1060 όντων
1557 999 1660 1077 ἀγαθῶν
1674 997 1798 1076 ὁμοιότης
1824 1001 1884 1058 τῶν
1908 1005 1960 1080 περ-’τ

1180 1086 1229 1157 τὴν
1241 1085 1329 1167 ψυχὴν
1344 1086 1452 1144 καὶτῶν
1465 1085 1525 1166 περὶ
1535 1087 1565 1146 τθ
1583 1089 1662 1162 σῶμα
1681 1086 1787 1144 καὶτῶν
1800 1087 1884 1154 ἐκτός
1899 1090 1960 1148 ἐστιν

1178 1175 1255 1248 αὐτη·
1271 1175 1305 1235 τὰ
1321 1175 1370 1253 μίν
1384 1166 1429 1234 οὐν
1440 1179 1533 1255 πρῶτα
1546 1175 1599 1242 τοῖς
1613 1174 1724 1256 πρώτοις
1737 1175 1808 1234 ἐστὶν
1822 1177 1919 1253 ὅμοια,
1934 1179 1961 1236 τί

1178 1263 1205 1324 δὲ
1217 1263 1325 1346 δεύτερα
1341 1273 1393 1334 τοῖς
1410 1263 1549 1346 διυτίροις,
1564 1263 1598 1323 τά
1609 1264 1636 1323 δὲ
1648 1262 1725 1344 τρίτα
1739 1272 1792 1331 τοῖς
1803 1265 1920 1344 τρίτοις,
1933 1269 1960 1324 τό

1178 1353 1205 1412 δὲ
1220 1354 1334 1432 τίταρτα
1344 1354 1398 1420 τοῖς
1411 1353 1554 1434 τετάρταις·
1569 1351 1625 1411 ίστι
1640 1351 1668 1412 δὲ
1678 1354 1711 1411 τὰ
1727 1351 1775 1428 μὲν
1786 1355 1815 1412 ἐν
1830 1355 1920 1434 ψνχῇ,
1933 1359 1960 1414 τό

1178 1440 1205 1501 it
1221 1445 1248 1502 ίν
1262 1443 1384 1518 σώματι,
1403 1442 1437 1501 τά
1458 1443 1486 1501 δὲ
1500 1441 1584 1507 ἐκτός.
1600 1439 1638 1500 Ἦ
1656 1441 1703 1518 μὲν
1723 1441 1774 1522 γίιρ
1794 1441 1927 1524 φρόνησις
1939 1451 1959 1503 ἐν

1178 1533 1251 1612 ψυχῇ
1270 1525 1335 1589 οὐσα
1354 1530 1428 1590 αἰτία
1442 1529 1499 1588 issi
1515 1535 1560 1588 τοῦ
1576 1528 1708 1607 κράτιστα
1731 1528 1780 1602 τὴν
1796 1529 1899 1610 ψυχὴν
1912 1533 1960 1589 δια·

1178 1619 1291 1692 κεῖσθαι,
1307 1622 1325 1690 ἡ
1346 1617 1373 1677 il
1392 1616 1479 1687 εὐεξία
1494 1618 1569 1676 αἰτία
1584 1616 1640 1676 ίστί
1654 1622 1699 1675 τοῦ
1719 1616 1749 1675 τό
1769 1620 1856 1695 σῶμα
1872 1618 1958 1697 ἄριστα

1179 1709 1332 1767 διακεῖσθαι·
1350 1706 1415 1787 ὅπερ
1428 1707 1479 1786 γάρ
1496 1704 1617 1787 βούλεται
1631 1706 1742 1788 πράττει
1806 1709 1825 1764 ὁ
1841 1707 1957 1776 εὐδοξιῶν.

1177 1794 1313 1858 Ἐκαστσν
1337 1797 1388 1877 ἄρα
1412 1795 1513 1855 τούτων
1535 1800 1588 1855 τῶν
1609 1798 1714 1874 ἀγαθῶν
1739 1801 1958 1876 πρωταγωνιστεῖ

1180 1883 1225 1944 καὶ
1249 1881 1341 1964 πρώτη
1359 1882 1442 1967 [add.
1459 1881 1579 1965 ταύτηθ]
1600 1881 1767 1960 λαμόάνεται
1790 1886 1956 1960 ἡθμοιότςς.

1183 1972 1235 2033 ttat
1260 1973 1339 2032 πάλιν
1363 1971 1444 2045 ἡμὲν
1463 1972 1614 2044 δικαιοσύνη
1639 1972 1666 2031 lu
1690 1974 1765 2052 ψυχῇ
1788 1973 1866 2032 laris
1886 1979 1903 2044 ἡ
1921 1979 1957 2032 αττ

1181 2058 1464 2140 alrlu[inserendum
1478 2059 1595 2119 videtur
1609 2057 1737 2132 εὐταξίας,
1751 2059 1789 2118 cs.
1806 2060 1889 2122 Plat.
1904 2065 1956 2121 ilci.

1181 2167 1213 2226 p.
1230 2155 1298 2222 411,
1321 2149 1359 2228 ll]
1377 2139 1442 2208 οὐσα
1463 2151 1515 2206 τῶν
1538 2151 1585 2218 τῇς
1607 2149 1694 2228 ψυχῆς
1719 2151 1820 2228 μερῶν,
1845 2153 1864 2219 ἡ
1885 2150 1955 2208 δὲαύ-

1180 2236 1294 2316 πρίπεια
1311 2239 1336 2295 ἰν
1358 2236 1462 2314 σώματι
1487 2227 1552 2295 οὐσα
1573 2235 1678 2305 εὐταξία
1696 2235 1753 2294 ἐστὶ
1768 2239 1823 2295 τῶν
1848 2244 1896 2296 τοῦ
1915 2242 1957 2297 ori·

1181 2348 1264 2403 ματος
1292 2329 1395 2405 μερῶν,
1427 2328 1528 2405 ψυχροῦ
1552 2324 1597 2382 καί
1621 2329 1716 2404 θερμοῦ
1741 2323 1788 2384 καίΙ
1809 2323 1894 2405 ξηροῦ
1921 2331 1956 2385 καὶ

1181 2414 1271 2492 ύγρού,
1284 2417 1300 2484 ἡ
1316 2411 1342 2471 dl
1356 2411 1466 2491 εὐτυχία
1476 2413 1548 2478 ἐκτὸς
1561 2402 1626 2470 οὐσα
1639 2413 1760 2488 εὐκαιρία
1772 2412 1812 2478 τίς
1822 2415 1958 2485 imitar:-

1185 2499 1276 2574 μάτων
1306 2499 1493 2576 συμπτώσεως·
1508 2497 1576 2558 ὥστε
1587 2498 1670 2577 ταύτῃ
1685 2499 1764 2558 πάλιν
1778 2501 1956 2580 παραλαμύά·

1182 2608 1255 2646 νιται
1266 2592 1282 2656 ἠ
1293 2587 1414 2662 ὁμοιότης
1427 2587 1479 2643 τῶν
1490 2586 1606 2666 ἀγαθῶν.
1618 2588 1671 2646 Kal
1683 2586 1789 2659 πάλινή
1798 2587 1848 2664 μίν
1861 2589 1958 2667 ἀνδρεία

1183 2677 1292 2754 ἐνψυχῇ
1303 2664 1369 2732 οὐσα
1384 2673 1459 2754 ἰσχύς
1473 2672 1512 2740 τίς
1521 2675 1577 2732 iou
1591 2673 1638 2732 καί
1653 2673 1729 2755 ῥύμη
1742 2674 1806 2786 appi<
1815 2675 1912 2756 ρόὸους
1921 2677 1958 2734 καὶ

1183 2760 1217 2820 τά
1237 2767 1359 2836 τοιαῦτα,
1381 2762 1442 2833 ἡδί
1466 2760 1543 2840 ἰσχύς
1558 2764 1585 2821 lu
1610 2761 1715 2838 σώματι
1737 2784 1803 2820 ουαα
1820 2764 1888 2843 πρὸς
1907 2783 1959 2827 τιν-’νς

1183 2849 1276 2916 πόνους
1291 2848 1337 2906 καί
1351 2849 1398 2916 clu
1411 2849 1588 2916 κακοπαθείας
1609 2850 1684 2929 ἰσχύς
1707 2851 1791 2927 ἔστιν,
1806 2851 1832 2907 ol
1845 2850 1874 2908 δὲ
1894 2852 1960 2930 ptiar

1186 2937 1258 3004 ἐκτὸς
1275 2937 1346 3002 όντις
1360 2938 1436 3017 ἰσχὺν
1458 2936 1536 3008 τήνδε
1560 2937 1650 3017 ίχονσι
1664 2936 1730 3017 πρὸς
1746 2936 1790 3008 τὴν
1806 2937 1880 3004 ἐκτὸς
1904 2939 1960 3015 ίθοί-

1185 3033 1267 3085 θειαν·
1280 3017 1302 3106 ᾧ
1316 3026 1367 3106 γὰρ
1379 3027 1472 3085 πολλοὶ
1484 3025 1554 3106 pilot
1574 3024 1639 3084 eluit
1662 3023 1827 3106 ἰσχυρότερος
1843 3018 1920 3091 ciro:
1936 3028 1958 3083 ἐν

1186 3115 1272 3173 πόλει·
1290 3113 1455 3193 λαμόάνιται
1472 3114 1498 3172 δὲ
1514 3113 1656 3194 καὶταύτῃ
1671 3119 1722 3170 τῶν
1743 3119 1848 3189 ἀγαθῶν
1865 3115 1957 3172 τούτων

1186 3207 1203 3271 ἡ
1227 3202 1357 3279 ὁμοιότης.
1378 3203 1431 3261 Kal
1455 3204 1534 3259 πόλιν
1560 3205 1577 3271 ἠ
1599 3201 1647 3277 μὲν
1671 3203 1870 3283 σωρροσύνηέν
1891 3205 1957 3283 ψυχῇ

1186 3281 1252 3348 οὐσα
1264 3298 1357 3367 κοσμεῖ
1371 3289 1421 3362 τὴν
1441 3290 1529 3370 ψυχὴν
1547 3290 1593 3348 καί
1605 3292 1761 3371 συμμέτρως
1775 3294 1824 3362 ζῆν
1838 3299 1917 3367 ποιεῖ,
1931 3291 1956 3348 τὸ

1186 3378 1212 3436 ii
1233 3379 1329 3445 κάλλος
1349 3380 1376 3438 όν
1397 3377 1503 3454 σώματι
1522 3375 1550 3436 δν
1569 3387 1663 3452 κοσμεῖ
1680 3378 1710 3439 τό
1732 3381 1812 3456 σῶμα
1828 3379 1873 3437 καὶ
1894 3378 1955 3456 σύμ-

1185 3489 1279 3548 μετρον
1294 3467 1502 3547 παρασκευάζει,
1519 3469 1533 3523 ὁ
1547 3464 1576 3524 il
1590 3470 1700 3533 πλοῦτος
1716 3467 1789 3536 ἐκτὸς
1800 3466 1838 3526 ῶν
1852 3468 1955 3548 χορηγὸς

1184 3560 1228 3617 καί
1242 3557 1378 3632 κοσμητὴς
1386 3561 1437 3617 τῶν
1448 3555 1592 3638 εἰνθριθπων
1603 3556 1683 3616 ίστίν·
1697 3557 1742 3617 καὶ
1758 3558 1843 3637 ταύτῃ
1859 3558 1954 3633 tupit-

1183 3668 1256 3705 νιται
1269 3648 1322 3704 τῶν
1332 3648 1437 3725 ἀγαθῶν
1448 3643 1546 3703 τούτων
1558 3649 1576 3717 ἡ
1588 3644 1721 3722 ὁμοιότης.

1179 3921 1268 3972 genum
1288 3911 1412 3974 conmris,
1425 3911 1504 3974 viret,
1524 3911 1692 3975 pulchritudo,
1706 3911 1813 3975 sanius,
1826 3913 1905 3964 boans
1918 3913 1953 3962 ta·

604 3977 871 4058 DIVISIONES,
1181 3996 1245 4047 tritus
1270 4000 1295 4047 et
1316 3996 1341 4046 id
1364 4009 1440 4060 geras
1460 3998 1520 4061 atta,
1542 3999 1643 4050 esterna
1664 4012 1722 4050 vero
1747 4001 1836 4062 amici,
1857 4003 1952 4058 αἰτία,

1178 4084 1270 4146 gloria,
1294 4086 1377 4148 utria
1401 4085 1508 4137 tettcitas.
1534 4088 1657 4137 Bonorum
1678 4087 1750 4151 igitur
1770 4087 1888 4152 quedam
1908 4093 1954 4139 sart

377 4157 540 4210 distribuebat
559 4165 641 4212 autem
663 4162 744 4222 Plato,
765 4165 792 4214 ot
811 4164 844 4214 ait
864 4165 1016 4227 Aristotelea,
1040 4181 1079 4217 rea
1102 4169 1125 4218 in
1178 4171 1390 4236 antmt,qnanrm
1402 4174 1523 4238 corporis,
1536 4173 1583 4224 atla
1597 4175 1824 4226 renuenti-insecus.

346 4245 542 4299 honorandum:
1208 4267 1247 4312 aa.
1263 4261 1398 4312 simititudo
1416 4262 1535 4313 bonorum
1553 4275 1609 4327 qua
1628 4265 1686 4315 suot
1702 4263 1790 4329 animi,
1810 4267 1954 4329 otrporistt

378 4338 399 4384 t.
417 4337 451 4384 Ει
475 4337 559 4400 bonis,
581 4339 669 4402 inquit,
693 4341 805 4404 quiedam
825 4345 880 4392 aunt
906 4343 995 4403 animi,
1014 4345 1125 4407 quadam
1177 4349 1327 4400 extrinsecus
1347 4349 1398 4400 ttrec
1411 4353 1449 4400 est
1467 4369 1473 4400 ι
1492 4351 1570 4415 priora
1588 4344 1675 4402 aimitta
1695 4357 1751 4403 sunt
1770 4353 1952 4417 prutilium*
2014 4373 2015 4378 ¹

346 4422 467 4484 mrporis,
478 4423 525 4473 alia
537 4424 689 4478 extrinsema
703 4448 710 4478 τ
725 4429 857 4492 justitiam,
873 4431 1043 4495 pmdootiam,
1057 4434 1124 4484 torti·
1177 4435 1256 4485 cunda
1276 4437 1401 4498 secrrmtin,
1420 4437 1489 4486 tertia
1508 4437 1598 4500 tertiis,
1614 4443 1699 4502 quarta
1719 4440 1823 4503 quartis.
1843 4443 1953 4500 Quota·

347 4506 467 4571 tudinem,
479 4511 661 4574 temperantiam
671 4516 696 4565 ct
707 4517 786 4566 catera
799 4514 824 4564 id
840 4529 917 4578 genua
930 4517 1045 4569 inanimo
1056 4533 1126 4584 poue-
1178 4535 1235 4572 rero
1248 4530 1304 4573 sunt
1317 4524 1405 4585 animi,
1416 4525 1527 4587 qrrmtrm
1541 4527 1662 4589 corporia,
1674 4527 1718 4576 atta
1731 4539 1789 4577 raro
1798 4530 1954 4580 extrinsecas.

346 4593 402 4654 iat;
414 4595 615 4656 pulchritudinem
632 4604 657 4651 ct
669 4602 758 4652 bonum
776 4605 884 4666 corporis
900 4605 1022 4670 habitum,
1035 4607 1124 4657 sanita·
1152 4637 1154 4650 ι
1177 4613 1296 4674 sumentia
1308 4614 1372 4664 enim
1386 4625 1441 4676 qum
1457 4616 1494 4664 est
1505 4614 1578 4664 animi
1596 4629 1668 4666 causa
1688 4617 1725 4666 est
1742 4615 1851 4668 ammam
1870 4621 1953 4684 optime

346 4685 433 4732 temet
450 4683 626 4746 tortitudinem,
639 4690 663 4738 iu
674 4702 790 4754 corpore,
804 4693 896 4743 amicos
911 4697 1025 4745 antemi
1041 4697 1125 4759 patria
1178 4701 1318 4764 rehabere,
1331 4703 1408 4752 mnus
1424 4715 1482 4752 rem
1499 4703 1607 4766 trahitur,
1620 4717 1709 4770 corpus
1720 4706 1811 4770 optime
1823 4721 1851 4759 sc
1861 4709 1953 4766 tatere

347 4770 482 4821 teticitatem
490 4774 663 4835 atqoediritias
672 4777 838 4830 luterexterm
847 4783 995 4834 inmutat.
1006 4787 1126 4837 Bonorum
1151 4801 1154 4846 ι
1178 4789 1338 4855 quodcunque
1353 4791 1416 4842 enim
1434 4792 1486 4841 rutt
1498 4791 1585 4843 tacit...
1598 4793 1639 4856 qui
1657 4793 1745 4845 honam
1761 4803 1909 4848 maceratus
1924 4799 1955 4846 est

346 4856 416 4920 igitur
425 4873 479 4911 osse
487 4860 533 4910 tria
544 4875 644 4926 ςιιιειτ,
656 4865 738 4916 atisin
755 4868 852 4931 animo,
863 4870 910 4920 atta
921 4870 946 4921 iu
958 4885 1068 4936 corpore,
1078 4876 1123 4926 atta
1151 4857 1154 4922 l
1178 4878 1390 4930 existimationem.
1410 4881 1504 4930 ttomm
1524 4879 1588 4931 enim
1603 4881 1721 4934 bonorum
1734 4883 1902 4948 quodcunque
1914 4887 1957 4950 pri·
2013 4933 2014 4948 ,

345 4949 506 5000 extrinsecus.
1178 4979 1230 5016 mm
1243 4971 1323 5030 partes
1341 4969 1390 5032 agit
1407 4972 1432 5019 et
1448 4969 1526 5032 prima
1545 4971 1756 5034 comprehenditur
1771 4974 1918 5024 simitttudo.
1935 4977 1958 5022 Et
2013 4953 2014 4968 ό

376 5040 400 5134 ρ.
417 5035 482 5085 Bona
496 5036 521 5086 in
538 5037 584 5088 tria
594 5038 733 5099 ‹liridontur
746 5062 753 5092 τ
767 5047 825 5095 suat
835 5044 900 5096 euim
918 5048 1029 5110 quiedam
1041 5064 1123 5101 eonun
1150 5075 1153 5148 γ
1177 5068 1262 5106 rursus
1271 5055 1362 5116 justitia
1380 5055 1404 5106 ia
1422 5058 1503 5108 animo
1518 5059 1556 5107 est
1570 5071 1626 5121 quae
1641 5061 1665 5108 et
1676 5073 1749 5110 causa
1766 5063 1804 5112 est
1815 5059 1905 5126 [home
1916 5064 1956 5112 de·

343 5123 432 5184 ammi,
449 5124 561 5186 quedam
577 5127 702 5191 corporis,
724 5129 769 5180 atis
787 5145 846 5182 rero
860 5133 1019 5187 extrinsecus.
1044 5139 1122 5190 Animi
1175 5143 1319 5210 scriptionis]
1331 5145 1434 5208 partium
1445 5145 1530 5209 animi,
1542 5146 1630 5198 decens
1641 5161 1699 5199 rero
1709 5149 1805 5201 nablum
1814 5152 1856 5216 qui
1869 5155 1898 5204 iu
1908 5167 1959 5203 cor·

343 5211 400 5257 ναιιι
415 5209 547 5274 sapientia,
568 5212 676 5275 iustitia,
698 5213 829 5280 tortitudo,
848 5219 974 5282 prodentia
996 5225 1020 5273 et
1035 5224 1082 5274 atta
1101 5227 1123 5276 trt
1149 5176 1153 5278 l
1176 5243 1236 5294 pore
1247 5233 1298 5294 est,
1316 5231 1377 5284 bona
1391 5231 1520 5297 descriptio
1533 5235 1689 5300 tricorporis
1702 5235 1821 5301 partium,
1844 5237 1956 5297 trigidrd
