4134 6134
334 419 391 478 tto

329 549 416 608 candi
439 567 526 627 qnam
549 547 678 606 indicato
701 547 785 605 titulo
809 547 981 606 nominandi
1014 567 1105 626 supra

325 637 387 716 jam
406 635 563 695 observare
578 635 646 693 licet
665 635 697 693 in
710 633 812 692 eodem
841 635 990 693 Plutarchi
1013 634 1103 708 libro,

329 746 356 786 c.
384 745 432 798 ro,
450 722 503 782 ubi
523 723 684 781 Aristotelis
710 723 824 782 Politiae
841 722 1031 798 designantur
1054 742 1106 800 per

329 814 426 880 κτίσεις
444 811 489 870 καὶ
510 809 652 876 πολιτείας.
675 810 807 869 Ceterum
822 830 874 868 nec
893 809 966 868 illud
988 809 1106 868 silentio

329 900 561 982 pratereundum
574 913 629 977 est,
644 898 723 958 baud
736 920 795 957 uno
809 899 842 957 in
856 893 920 956 l'oco
938 897 1106 955 llornerico·

331 1010 395 1050 rum
419 1007 558 1047 versuum
581 987 791 1066 explicationes
816 985 893 1064 apud
915 983 1106 1043 Plutarchum

329 1089 503 1137 memoratas
521 1095 595 1146 esse,
612 1095 677 1152 quse
693 1073 729 1132 ad
755 1076 866 1132 nullum
887 1073 977 1132 alium
998 1071 1106 1130 librum

329 1164 512 1227 commodius
535 1164 637 1222 referri
651 1175 774 1240 possunt
792 1182 878 1240 quam
902 1160 938 1219 ad
954 1159 1109 1218 llomerica

318 1254 492 1331 ¹Aristotelis
503 1251 696 1310 Problemata.

368 1345 426 1402 Sed
450 1342 537 1418 longe
556 1340 700 1397 maximus
719 1357 858 1396 numerus
879 1337 1106 1414 fragmentorum

329 1453 395 1510 qnae
414 1451 451 1490 ex
461 1431 509 1489 his
524 1425 741 1499 Quaestionibns
755 1426 932 1506 philosopho
953 1425 1108 1506 adscriptis

329 1533 441 1579 servata
455 1532 539 1591 sunt,
555 1517 719 1576 Homericis
733 1514 876 1574 debentur
897 1515 1030 1586 scholiis,
1046 1515 1109 1592 qui·

331 1609 386 1668 bus
404 1605 543 1667 omnibus
573 1624 650 1664 unus
678 1603 813 1682 idemque
835 1604 919 1674 lons,
945 1600 1107 1681 Porphyrii

330 1697 442 1756 scilicet
454 1694 623 1775 deperditus
635 1692 712 1751 liber
725 1692 815 1750 luisse
830 1690 957 1764 videtur,
969 1690 1107 1769 Ὁμηρικὰ

330 1783 479 1861 Ζητήρατα
493 1782 653 1861 inscriptus
670 1778 722 1855 (cl.
740 1777 837 1838 Seliol.
855 1779 891 1836 ad
906 1778 1019 1857 lliadq,
1035 1779 1106 1850 1753

331 1877 359 1950 β,
370 1879 440 1950 249,
455 1871 537 1947 308),
547 1870 578 1929 in
588 1891 659 1947 qno,
671 1865 1107 1943 testeloanneTzetze,Exeges.

329 1963 361 2020 in
382 1959 466 2020 lliad.
486 1979 517 2038 p.
535 1959 601 2035 3„5
625 1957 738 2028 Herm,
759 1967 1011 2013 controversarun:
1031 1974 1109 2032 quae·

333 2051 461 2108 stionum
475 2047 650 2107 solutionem
663 2045 720 2104 sibi
738 2056 948 2123 proposuerat,
962 2043 1108 2118 congestis

329 2138 436 2208 simul,
451 2148 484 2194 ut
504 2134 581 2192 idem
596 2132 715 2190 Taetzes
726 2131 813 2188 nobis
833 2144 935 2189 auctor
952 2145 1013 2203 est,
1027 2132 1106 2208 quod

332 2238 361 2283 et
378 2223 491 2283 scholia
510 2222 726 2291 demonstrant,
744 2233 874 2278 veterum
892 2217 1106 2292 solutionibus;

329 2314 366 2372 cl.
380 2311 478 2370 Schol.
491 2313 522 2369 in
533 2309 622 2386 Exeg.
635 2307 718 2367 lliad.
731 2329 761 2387 p.
779 2309 884 2379 125,ao
897 2329 904 2364 ε
916 2305 951 2367 ‘0
962 2305 1109 2388 Πορριίριος

328 2391 420 2458 italiis
441 2399 541 2477 ἀνδρῶν
560 2395 754 2466 ουνεποιήοατο
773 2396 869 2462 niort<
887 2392 1037 2460 ποιδιώδιις
1063 2395 1109 2454 καί

330 2485 461 2566 sippiale
482 2484 592 2563 ἀπορίας
614 2483 758 2542 ἀπέλυσαν.
772 2483 857 2552 Quod
878 2483 977 2542 verius
997 2482 1107 2540 dictum

329 2589 390 2646 est,
406 2595 492 2652 quam
503 2587 535 2631 ut
549 2574 643 2652 ipsius
657 2571 771 2631 'lzetzis
781 2573 882 2650 opinio
892 2571 995 2630 haberi
1008 2573 1108 2650 possit.

332 2663 373 2721 lle
394 2663 447 2727 lroc
468 2680 538 2719 vero
569 2658 772 2738 Porphyriano
800 2678 889 2737 opere
919 2659 1106 2737 quaestionem

330 2763 452 2808 tractare
464 2769 558 2828 nuper
570 2766 723 2824 aggressus
738 2760 781 2806 est
798 2747 945 2822 Kammer,
964 2750 995 2804 in
1014 2748 1107 2824 speei-

330 2839 408 2895 mine
430 2837 583 2912 Porphyrii
606 2837 723 2894 Scholia
748 2841 910 2902 Homerica,
941 2833 1106 2908 llegimont.

334 2925 405 2982 1865
424 2923 482 3004 (cl.
500 2923 616 2982 Parisot
633 2927 669 2980 de
691 2923 847 2999 Porphyrio
863 2929 920 2979 tria
942 2925 1106 3000 Tarentum,

331 3013 428 3073 Paris.
449 3013 548 3089 1845).

367 3099 453 3169 Quod
461 3093 493 3158 si¹
497 3105 556 3178 jam
567 3112 713 3178 quaeratur
723 3097 797 3176 quid
806 3096 841 3155 de
849 3098 953 3156 horum
961 3099 1104 3172 fragnren-

328 3205 422 3248 torum
436 3189 551 3264 origine
564 3200 593 3246 et
604 3190 774 3246 auctoritate
792 3185 974 3244 statuendum
984 3188 1029 3253 sit,
1047 3205 1106 3243 non

329 3279 421 3355 magis
432 3275 553 3335 difficile
565 3286 609 3332 est
623 3293 729 3350 negare
741 3272 927 3333 Problemata
949 3273 1105 3333 llomerica

329 3366 366 3425 ab
391 3365 544 3423 Aristotele
568 3363 733 3440 conscripta
759 3360 846 3419 luisse
868 3381 954 3438 qnam
985 3362 1105 3420 demon·

329 3467 423 3514 strare
444 3455 635 3512 contrarium.
660 3450 774 3508 Etenim
801 3462 1001 3524 argumentum
1027 3451 1106 3526 qnod

328 3543 509 3620 praecipuum
533 3538 650 3608 initiis,
671 3537 723 3614 qni
748 3534 902 3594 subdititio
926 3535 1005 3593 libro
1024 3537 1101 3594 Por-

329 3629 468 3708 phyrium
483 3647 567 3686 usum
580 3645 644 3684 esse
658 3623 847 3694 contendunt,
862 3625 939 3681 inter
951 3643 1024 3700 quos
1037 3625 1105 3684 satis

328 3720 386 3776 erit
401 3715 565 3776 nominasse
585 3713 619 3775 C.
634 3712 789 3771 Lehrsium
807 3731 836 3770 v.
851 3711 888 3769 cl.
900 3714 936 3767 de
950 3715 1105 3769 Aristarchi

327 3807 628 3880 stncltr'sllomen'cr‘s,p.
637 3821 695 3858 aaa
705 3799 752 3862 ed.
765 3799 830 3870 alt.,
843 3799 991 3857 insulsitas
1002 3818 1106 3878 nempe

328 3909 356 3953 et
371 3893 526 3972 puerilitas
545 3891 738 3969 questionum
753 3901 782 3945 et
803 3887 1000 3957 solutionum,
1014 3907 1103 3964 quum

328 4002 381 4060 per
395 4001 425 4041 se
437 3979 499 4060 jam
510 3980 581 4040 satis
592 3979 742 4047 infirmum
755 3989 809 4048 est,
824 3979 910 4052 plane
923 3975 1058 4034 evellitur
1068 3979 1105 4035 si·

330 4073 443 4131 milium
479 4069 692 4150 problematum
732 4065 950 4144 comparatione
978 4085 1104 4149 qnorum

328 4161 447 4238 plenum
462 4172 506 4219 est
517 4157 682 4218 Aristotelis
694 4156 819 4213 Poeticae
834 4145 921 4230 caput
932 4153 1104 4212 vicesimum

329 4251 475 4325 quintum,
494 4247 574 4327 quod
597 4246 657 4326 περὶ
669 4241 865 4322 προίλημοίτων
879 4239 925 4300 xnl
941 4238 1042 4300 λύσεων
1061 4246 1104 4301 in-

329 4338 484 4398 scribitur.
504 4338 561 4395 Aut
583 4337 671 4413 igitur
686 4331 901 4391 concedendum
920 4331 977 4388 erit
993 4332 1104 4390 Aristo·

329 4425 395 4483 telis
403 4425 554 4501 ingenium
567 4438 596 4483 et
606 4422 769 4482 doctrinam
782 4418 912 4478 atalibus
922 4438 980 4476 non
993 4418 1102 4486 abhoc,-

325 4515 574 4584 ·ruisse,autcum
587 4513 622 4572 F.
641 4511 763 4580 Rittero,
780 4509 815 4566 ad
830 4508 915 4566 talem
933 4507 1104 4584 explicatio·

330 4619 394 4658 nem
416 4599 640 4676 confugiendum
663 4598 720 4656 erit
734 4598 783 4674 (p.
807 4597 863 4663 261.
891 4593 1052 4653 Continent.
1074 4593 1104 4650 in
1139 4663 1145 4678 .

329 4689 461 4761 Poene),
478 4701 509 4745 ut
523 4687 698 4745 affirmemus
710 4684 836 4742 Poeticae
856 4680 999 4761 quendam
1014 4680 1104 4738 inter·

330 4768 1101 4854 polatorem‚exsubdititiacollectioneProbletnatum

330 4864 563 4938 llomericorum,
573 4861 734 4919 Aristotelis
746 4859 863 4918 nomine
876 4856 1029 4935 inscripta,
1048 4857 1106 4914 ine-

880 416 1125 478 ARISTOTEllS
1148 415 1395 480 FRAGMENTA.

1160 549 1235 628 ptias
1247 549 1312 608 illas
1332 551 1360 606 in
1374 548 1497 606 Poeticae
1508 560 1594 626 caput
1607 545 1681 605 XXV
1698 537 1794 625 (quod
1805 562 1835 606 et
1844 549 1947 627 ipsum

1161 649 1250 696 totum
1281 636 1465 696 subdititium
1491 648 1574 714 putat
1604 635 1752 716 llitterns)
1776 637 1944 698 invexisse.

1159 725 1267 785 Verum
1282 729 1359 782 enim
1375 745 1447 783 vero
1465 725 1518 802 qui
1536 725 1624 784 semel
1643 725 1674 782 in
1689 725 1774 784 talem
1789 730 1870 785 viam
1891 729 1940 785 in·

1161 833 1276 890 gressus
1302 814 1406 891 luerit,
1421 833 1525 872 vereor
1548 832 1586 872 ne
1606 813 1698 872 multo
1719 813 1837 890 longius
1863 814 1946 874 abri-

1161 903 1259 980 piatur
1272 922 1358 980 qnam
1371 916 1400 960 et
1414 904 1477 980 ipse
1487 902 1625 960 voluerit.
1639 905 1682 960 An
1694 902 1803 961 desolo
1816 904 1946 962 fortasse

1162 990 1317 1049 Aristotele
1331 991 1373 1049 ita
1389 989 1609 1068 judicabimus?
1632 992 1678 1049 An
1692 989 1738 1048 illi
1758 991 1813 1050 soli
1836 992 1871 1050 in
1893 992 1942 1050 his

1162 1098 1261 1138 errare
1281 1099 1340 1138 non
1362 1079 1495 1152 licuerit,
1517 1079 1548 1138 in
1563 1077 1673 1156 quibus
1691 1079 1869 1157 plerumque
1888 1079 1946 1138 lle-

1164 1169 1313 1241 raclitutn,
1355 1168 1524 1242 Platonem,
1559 1165 1763 1224 Antisthenern
1803 1168 1946 1245 aliosque

1162 1257 1271 1316 summi
1298 1256 1408 1332 ingenii
1435 1254 1627 1332 philosophos
1654 1253 1728 1311 mire
1752 1255 1944 1312 caecutientes

1163 1343 1427 1425 deprehendimus?
1444 1342 1557 1412 Quodsi
1572 1341 1663 1418 igitur
1675 1341 1784 1400 nonde
1796 1342 1943 1400 omnibus

1164 1434 1223 1492 lere
1233 1431 1367 1492 dubitare
1381 1431 1492 1510 placet,
1521 1448 1713 1508 quaecumque
1731 1443 1798 1488 ante
1812 1430 1947 1488 Alexan-

1163 1523 1317 1581 drinorum
1347 1517 1602 1596 grammaticorum
1628 1529 1740 1575 aetatem
1764 1517 1800 1576 de
1831 1519 1944 1577 talibus

1164 1611 1277 1690 prolata
1292 1622 1374 1686 sunt,
1387 1608 1447 1680 jam
1465 1605 1556 1664 multo
1570 1604 1662 1682 magis
1676 1607 1746 1663 artis
1761 1606 1874 1664 criticae
1891 1627 1943 1664 ra-

1164 1699 1294 1758 tionibus
1306 1697 1482 1756 conveniens
1494 1695 1584 1753 deltis
1601 1694 1643 1752 ita
1651 1707 1803 1765 statuere,
1821 1715 1890 1752 cum
1914 1697 1946 1754 iu

1163 1785 1243 1844 lrisce
1253 1783 1373 1864 ἀπορίαις
1382 1797 1409 1840 et
1414 1781 1516 1853 λύσεσι,
1527 1795 1587 1840 tum
1596 1781 1682 1839 etiam
1692 1780 1723 1838 in
1729 1781 1947 1857 etymologicis,

1165 1894 1224 1932 non
1244 1893 1281 1932 ex
1292 1885 1392 1932 nostro
1407 1890 1493 1931 sensu
1514 1869 1704 1947 dijudicanda
1724 1888 1787 1928 esse
1802 1869 1849 1926 vel
1867 1891 1948 1946 qnae·

1167 1963 1293 2022 stionum
1319 1961 1565 2040 opportunitatem
1585 1958 1630 2016 vel
1652 1957 1803 2014 veritatem
1819 1957 1947 2016 solutiu-

1167 2071 1246 2110 num.

1205 2143 1241 2198 At
1259 2139 1382 2197 minime
1399 2156 1486 2209 vero,
1508 2134 1585 2194 dicet
1608 2135 1731 2193 fortasse
1757 2133 1879 2210 aliquis,
1910 2135 1948 2191 ita

1164 2227 1391 2286 demonstratum
1406 2236 1449 2283 est
1469 2243 1570 2282 revera
1589 2243 1645 2302 pro
1659 2221 1797 2298 genuinis
1809 2221 1947 2279 habenda

1164 2335 1227 2374 esse
1238 2311 1303 2392 qnae
1319 2315 1452 2372 seruntur
1468 2311 1633 2371 Aristotelis
1651 2311 1806 2368 Homerica
1821 2309 1947 2368 Proble-

1164 2415 1250 2474 mata,
1273 2402 1323 2460 sed
1343 2415 1452 2460 tantum
1470 2397 1573 2458 haberi
1593 2417 1690 2477 posse.
1718 2395 1860 2457 Libenter
1890 2396 1947 2454 hoc

1164 2490 1334 2564 concedam,
1360 2492 1431 2566 quin
1455 2502 1484 2548 et
1509 2487 1584 2546 illud
1605 2485 1743 2565 adjiciam
1767 2486 1948 2563 plerumque

1164 2580 1234 2638 satis
1246 2578 1388 2637 incertum
1403 2595 1465 2636 esse
1480 2575 1553 2653 quid
1566 2574 1630 2652 ipse
1645 2573 1944 2634 Aristotelesdixerit

1165 2667 1238 2744 quid
1253 2666 1448 2744 aPorplryrio
1460 2663 1563 2722 aliisve
1573 2661 1704 2721 additum
1716 2663 1765 2721 sit.
1779 2660 1901 2720 Accedit
1918 2675 1947 2718 et

1166 2755 1238 2814 illud
1252 2756 1331 2834 quod
1343 2755 1443 2812 eadem
1455 2751 1541 2829 plane
1554 2750 1658 2809 horum
1671 2749 1886 2827 problematum
1901 2770 1947 2806 ra-

1164 2843 1205 2900 tio
1219 2843 1306 2902 luisse
1325 2842 1440 2900 videtur
1455 2855 1541 2919 atque
1552 2857 1654 2899 eorum
1670 2858 1735 2916 quae
1746 2837 1865 2917 physica
1894 2838 1946 2894 in-

1162 2933 1271 3010 scripta
1280 2945 1359 3006 sunt,
1372 2942 1401 2988 et
1413 2929 1530 3007 quidem
1544 2927 1621 3000 talis,
1633 2940 1665 2987 ut
1679 2926 1809 3003 genuinis
1823 2938 1852 2982 et
1867 2945 1946 2982 vere

1163 3020 1325 3079 Aristotelis
1340 3020 1422 3076 varia
1433 3017 1546 3076 avertis
1565 3016 1626 3074 sive
1642 3014 1753 3073 similia
1766 3016 1864 3072 sireet
1878 3013 1941 3070 alia

1162 3109 1429 3187 interponerentur.
1446 3105 1538 3182 Cujus
1551 3105 1603 3176 rei,
1612 3122 1677 3182 quae
1690 3122 1744 3180 per
1755 3121 1786 3160 se
1796 3101 1858 3179 jam
1868 3105 1943 3159 satis

1161 3197 1331 3256 verisimilis
1355 3209 1409 3267 est,
1425 3196 1598 3252 documento
1613 3193 1759 3270 praecipue
1783 3191 1858 3250 illud
1877 3211 1942 3249 esse

1160 3299 1243 3363 puto,
1264 3283 1354 3363 quod,
1381 3294 1413 3340 ut
1439 3299 1528 3359 supra
1545 3280 1684 3352 vidimus,
1704 3279 1856 3337 manifeste
1880 3279 1940 3336 du-

1160 3373 1228 3451 plex
1240 3390 1341 3430 eorum
1352 3371 1518 3430 nominatur
1530 3369 1674 3442 collectio,
1683 3386 1808 3446 quarum
1819 3387 1878 3425 nna
1888 3389 1938 3426 sex

1162 3459 1263 3537 libris,
1287 3460 1377 3518 altera
1401 3479 1469 3516 vero
1484 3457 1582 3515 decem
1602 3454 1839 3516 continebantur.
1862 3455 1940 3526 Quin

1162 3561 1191 3607 et
1212 3547 1325 3624 singula
1339 3546 1519 3626 problemata
1539 3543 1679 3622 peculiari
1692 3542 1778 3602 titulo
1795 3543 1938 3620 inscripta

1162 3635 1331 3693 circumlata
1358 3651 1420 3692 esse
1448 3631 1595 3702 videntur,
1621 3642 1654 3687 ut
1674 3628 1803 3686 declarat
1827 3629 1938 3686 inscri-

1162 3724 1224 3802 ptio
1242 3723 1273 3781 in
1287 3718 1447 3800 appendice
1463 3719 1570 3777 indicis
1584 3717 1730 3793 Anonymi
1752 3715 1791 3793 (3)
1815 3737 1823 3770 ε
1849 3716 1882 3774 Εἰ
1906 3715 1937 3783 ὅτ’,

1160 3833 1223 3870 ποτε
1234 3809 1356 3890 ’Όμηρος
1370 3807 1475 3878 ἐποίησε
1487 3804 1534 3874 τὰς
1547 3803 1639 3865 Ἡλίου
1652 3808 1721 3882 βοῦς,
1734 3803 1787 3862 abi
1799 3823 1856 3882 pro
1868 3804 1903 3874 cl,
1914 3805 1939 3859 ri

1161 3897 1365 3976 corrigendum
1384 3896 1509 3967 videtur,
1526 3895 1561 3966 si,
1578 3892 1657 3972 quod
1672 3891 1817 3970 suspicor,
1835 3911 1871 3949 ex
1882 3890 1938 3948 lmc

1158 3987 1337 4066 problemate
1343 3999 1455 4044 servata
1463 3996 1530 4043 sunt
1540 4002 1604 4060 qnae
1613 3982 1714 4057 fragm.
1727 3981 1785 4040 aod
1793 3979 1937 4056 leguntur.

1159 4075 1202 4134 lta
1219 4073 1288 4134 illud
1313 4087 1423 4133 tantum
1445 4073 1531 4131 modo
1544 4071 1691 4130 allirmare
1709 4070 1790 4140 licet,
1807 4081 1936 4146 ternpore

1160 4185 1218 4243 quo
1233 4161 1418 4222 Andronicus
1433 4160 1558 4218 indicem
1574 4177 1658 4216 suum
1671 4154 1938 4215 conlecitllomeri-

1160 4273 1259 4312 corum
1274 4249 1490 4309 Problematum
1503 4246 1702 4306 collectionem
1712 4243 1860 4303 exstitisse
1876 4263 1938 4320 qua

1161 4339 1306 4400 Aristoteli
1338 4335 1513 4415 philosopho
1545 4332 1740 4404 tribuebatur,
1766 4331 1842 4390 hanc
1872 4349 1937 4388 vero

1159 4427 1359 4488 collectionem
1376 4424 1540 4503 respexisse
1554 4421 1771 4499 grammaticum
1788 4418 1937 4496 antiquum

1160 4517 1243 4595 cujus
1259 4513 1426 4574 testimonio
1440 4512 1487 4570 usi
1498 4524 1566 4571 sunt
1572 4509 1759 4586 Phrynichus
1773 4519 1804 4565 et
1823 4505 1939 4564 Antiat-

1161 4606 1270 4665 ticistes
1297 4602 1431 4674 bekken,
1459 4613 1488 4658 et
1514 4597 1648 4677 quidem,
1673 4595 1755 4674 quod
1778 4593 1937 4654 notandum

1159 4707 1211 4766 est,
1224 4705 1256 4751 ut
1271 4689 1408 4749 vocabuli
1423 4707 1505 4749 nsum
1521 4685 1589 4746 inde
1603 4683 1837 4763 comprobarent.

1472 4919 1603 4938 -
