4134 6134
303 636 849 812 rntsruruirs

903 644 1442 822 FRAGMENTA.

692 977 1061 1004 ——-·oe-——--

749 1187 996 1270 DlALOGl.

115 1426 149 1482 ln
169 1423 409 1482 Aristoteleorum
434 1419 487 1478 illa
508 1417 652 1484 librorum
677 1417 842 1490 divisione,

73 1531 160 1590 ιγιιιιιιι
180 1530 215 1570 ex
230 1507 480 1585 unoeodemque,
496 1505 568 1566 satis
579 1504 798 1582 antiquorem,
813 1518 846 1562 ut

72 1600 199 1671 videtur,
210 1599 289 1658 sonte
300 1597 493 1673 desumptam,
507 1593 640 1672 plerique
649 1592 788 1652 exhibent
801 1594 848 1651 in·

72 1700 227 1766 terpretes,
238 1685 290 1763 qui
300 1685 362 1743 sive
375 1683 412 1741 ad
424 1682 609 1758 Categorias,
629 1681 693 1740 sive
709 1680 845 1760 adipsum

73 1774 239 1834 Aristotelis
256 1771 476 1852 philosophiam
490 1769 674 1850 praefationes
688 1769 845 1847 scripsere,

72 1882 176 1924 eorum
190 1861 369 1940 scriptorum
388 1879 453 1936 quae
479 1853 679 1936 συνταγματυῶι
693 1870 847 1928 vocantur,

72 1965 103 2008 et
124 1969 190 2028 quae
215 1950 281 2028 ipsa
302 1951 528 2023 ὑπομνηματικοίς
563 1957 763 2023 opponuntur,
793 1946 846 2002 du-

74 2038 144 2115 plex
173 2055 237 2096 esse
247 2053 339 2114 genus
353 2034 500 2094 statuitur.
516 2037 560 2091 De
572 2032 627 2090 hac
643 2051 675 2090 re
691 2044 734 2093 tta
754 2032 848 2090 David

73 2124 234 2184 Armenius
253 2125 286 2182 in
299 2122 395 2199 Categ.
408 2142 437 2200 p.
454 2131 502 2194 al,
516 2121 550 2190 B,
569 2119 710 2186 roBrand.
726 2141 733 2176 ι
750 2121 811 2180 Τῶν
822 2119 849 2178 δὲ

72 2213 291 2289 συνταγματιαῶν
315 2209 349 2268 τά
375 2208 423 2286 μέν
444 2209 508 2268 εἰσιν
534 2205 743 2288 αὖτοπρόσωπα,
768 2207 849 2266 δοιαὶ

71 2295 259 2379 ἀιιροαματυιά
273 2297 409 2376 λέγονται,
420 2295 455 2356 sla
469 2295 496 2354 δὲ
508 2295 662 2373 διαλσγυιδι,
674 2293 746 2354 duri
759 2294 851 2363 δξωτε·

73 2387 136 2467 ptris
158 2387 287 2465 λέγονται·
302 2385 347 2444 καὶ
362 2389 398 2454 ὡς
415 2385 462 2460 μὲν
479 2383 673 2462 αὖτοπρόσωπα
689 2384 846 2443 durissimi

71 2483 126 2542 τοῖς
142 2474 310 2553 διαλογυιοῖς,
323 2476 359 2540 ῶς
375 2473 402 2532 δὲ
417 2471 603 2553 σἰιιροαματικδ
622 2469 782 2530 σἰντίιιειντιιι
796 2473 849 2536 τοῖς

73 2562 251 2644 ἐξωτερικοῖς,
264 2581 329 2622 cum
347 2582 406 2640 qno
428 2561 611 2620 consentiunt
626 2560 798 2622 Ammonius
818 2561 850 2618 in

71 2653 174 2728 Categ.
193 2653 211 2710 s.
227 2673 243 2724 7
262 2663 351 2722 recto,
366 2649 535 2727 Simplicius
552 2648 595 2708 ib.
619 2647 639 2707 f.
660 2669 689 2719 r,
704 2646 728 2704 E
741 2647 850 2705 edila·

70 2741 137 2812 sil.,
148 2739 277 2798 Jounnes
287 2738 469 2816 Philoponus
488 2736 530 2797 ib.
547 2757 578 2814 p.
591 2736 640 2806 35,
650 2735 684 2806 ll,
698 2735 851 2808 37B1anrl.

71 2828 161 2897 Quod
177 2828 202 2888 si
217 2846 284 2886 cum
299 2826 348 2884 his
367 2823 573 2900 conjungimus
594 2841 659 2899 quae
681 2822 768 2899 paulo
789 2837 854 2900 post

70 2916 154 2994 apud
166 2915 289 2974 eundem
299 2911 526 2970 Davidemdicta
538 2923 614 2979 sunt,
628 2910 649 2968 l.
661 2910 683 2970 l.
699 2930 730 2968 v.
747 2931 781 2986 ¹9
796 2929 853 2986 sq,

70 3001 381 3078 eoscilioetdialogica
390 2999 427 3058 ab
435 2997 855 3077 acroamoticisdiiferre,quod

71 3091 106 3147 in
120 3090 238 3148 illorum
253 3087 430 3165 scriptasint
439 3086 573 3162 gratiam,
586 3084 637 3162 qui
647 3103 663 3142 a
672 3083 856 3164 philosophia

70 3177 167 3235 alieni
182 3189 265 3252 suut,
276 3173 544 3252 philosophnmque
558 3172 589 3230 in
605 3171 666 3230 illis
687 3171 854 3250 probabili-

71 3263 133 3322 bus
154 3276 264 3322 tantum
286 3261 389 3333 modo,
410 3280 469 3318 non
488 3259 524 3318 ad
542 3259 717 3318 severiorem
734 3259 855 3318 demon-

72 3351 231 3410 strationis
254 3349 397 3408 rationem
415 3347 562 3406 adstrictis
581 3347 758 3423 argmueutis
771 3367 854 3406 usum

72 3457 161 3509 usse,
186 3441 249 3496 sive
267 3455 352 3514 quae,
381 3447 452 3494 teste
480 3432 612 3506 Doride,
645 3433 718 3495 l.·l.
743 3454 774 3491 v.
803 3436 855 3507 33,

71 3525 238 3585 Alexandri
249 3523 432 3602 Aphrodisaei
444 3521 699 3593 sententiaiuerat,
712 3525 744 3584 in
757 3537 856 3581 acroaa

73 3614 195 3672 maricis
206 3612 293 3678 libris
303 3611 486 3670 Aristotelem
499 3629 564 3686 quae
582 3608 709 3688 sibiipsi
723 3611 857 3670 visasint

72 3701 271 3777 exposuisse,
285 3701 318 3758 in
330 3699 486 3775 dialogicis
494 3717 564 3757 vero
576 3712 643 3776 quae'
654 3699 739 3771 aliis;
752 3699 858 3760 deinde

72 3808 146 3865 quae
159 3787 250 3847 iidem
270 3788 306 3845 de
329 3787 565 3863 generedicendi
586 3788 678 3864 magis
701 3791 857 3867 perspicuo

71 3876 219 3947 asserunt,
234 3895 310 3953 quo,
329 3887 361 3932 ut
375 3875 405 3933 in
421 3876 563 3954 epistolis,
583 3877 667 3934 itaet
688 3877 720 3934 in
734 3875 859 3954 dialogis

75 3983 170 4022 usum
177 3981 240 4022 esso
250 3963 435 4020 Aristotelem
444 3963 606 4035 affirmant,
615 3962 675 4040 jam
688 3963 786 4022 omnia
799 3964 858 4024 fere

73 4050 224 4108 habemus
238 4050 405 4108 testimonia
425 4050 461 4108 de
483 4051 538 4108 hoc
559 4052 735 4129 scriptorum·
750 4071 857 4127 genere

72 4137 163 4216 apud
198 4138 333 4214 antiquos
363 4137 533 4217 philosophi
561 4139 734 4218 interpretes
757 4138 856 4200 obvia.

70 4227 155 4284 Cum
178 4243 279 4284 eorum
291 4224 327 4283 de
346 4226 400 4284 hac
415 4246 447 4284 re
472 4227 562 4285 nimia
574 4226 717 4287 brevitate
735 4240 764 4286 et
784 4228 859 4286 illud

71 4311 360 4390 optime'cengruit,
382 4313 460 4390 quod
476 4315 507 4371 in
529 4314 666 4374 orunibus
685 4333 786 4374 earum
808 4335 859 4372 co·

70 4399 261 4478 piosissimis
278 4401 492 4458 calomentariis
505 4402 556 4458 vix
571 4402 658 4460 semel
670 4405 859 4461 iterumveex

72 4485 251 4544 Aristotelis
262 4486 387 4562 dialogis
400 4489 539 4546 nonnulla
554 4489 752 4567 proferuntur.
769 4489 859 4567 Cujus

71 4574 204 4653 quidem
216 4574 259 4632 rei
274 4573 354 4630 nulla
368 4574 426 4632 alia
436 4575 591 4652 quaerenda
604 4589 647 4634 est
656 4595 754 4648 causa,
771 4597 862 4655 quarn

70 4661 178 4740 quod,
195 4674 316 4740 excepto
336 4662 455 4720 fortasse
474 4662 639 4721 Alexandro
654 4663 858 4740 Aphrodisaeo',

71 4749 187 4808 ceteris
208 4747 346 4808 omnibus
366 4748 534 4828 philosophi
549 4751 772 4828 interpretibus,
787 4772 861 4828 quos

72 4839 172 4897 hodie
185 4837 324 4913 legimus,
349 4837 424 4896 fama
447 4849 561 4895 tantum·
580 4838 669 4896 modo
689 4838 861 4898 obscuriore

72 4927 210 5004 quadam
234 4926 398 4990 innotuisse
409 4926 546 4986 videntur
562 4927 727 4986 Aristotelis
741 4928 859 5004 dialogi.

74 5015 169 5074 Unde
189 5014 313 5073 etillud
336 5015 456 5092 accidit,
480 5027 528 5090 ut,
552 5015 620 5074 licet
644 5035 737 5093 pauca
750 5016 786 5075 de
800 5015 861 5075 illis

73 5103 222 5176 aller-ant,
237 5102 378 5162 nonnulla
392 5103 488 5164 minus
512 5115 587 5162 recte
599 5103 635 5162 de
650 5104 688 5163 iis
703 5104 862 5165 tradidisse

903 1417 1068 1479 videantur.
1092 1420 1136 1476 De
1158 1418 1213 1478 hac
1240 1433 1336 1480 tamen
1355 1443 1388 1482 re
1407 1438 1507 1503 postea
1528 1424 1675 1497 dicemus,

903 1503 1031 1564 nuncad
1052 1505 1105 1564 illa
1122 1505 1184 1582 jam
1204 1509 1411 1568 transeundum
1430 1524 1475 1568 est
1491 1511 1675 1584 testimonia,

903 1591 1017 1669 quaeda
1030 1593 1195 1656 Aristotelis
1208 1595 1334 1673 dialogis
1347 1595 1425 1675 apud
1438 1598 1511 1656 alios
1525 1599 1676 1659 inveniam-

903 1694 950 1741 tur
964 1681 1104 1759 antiquos
1117 1685 1288 1763 scriptores,
1305 1687 1357 1764 qui
1372 1690 1433 1745 sire
1448 1689 1506 1766 ipsi
1520 1687 1575 1746 hoc
1587 1709 1678 1766 genus

905 1766 1075 1847 philosophi
1097 1770 1243 1830 librorum
1265 1771 1396 1833 lectitare
1419 1787 1590 1853 potuerant,
1615 1777 1678 1835 sire

904 1857 1030 1916 aliorum
1040 1857 1123 1917 deiis
1130 1858 1246 1936 judicia
1255 1861 1426 1922 retulerunt.
1435 1862 1566 1932 Quorum
1580 1876 1676 1922 utrum

906 1945 1030 2004 Basilius
1044 1945 1148 2004 lecerit
1167 1947 1311 2006 incertum
1324 1961 1385 2020 est,
1402 1949 1435 2007 in
1460 1948 1544 2026 cujus
1555 1951 1679 2028 epistola

908 2033 974 2105 167,
996 2045 1017 2092 t.
1042 2031 1097 2103 lll,
1114 2035 1238 2112 p.·1il7,
1254 2035 1277 2092 C
1294 2035 1338 2093 ed.
1358 2035 1466 2104 Paris„
1487 2036 1550 2094 haec
1575 2058 1679 2096 occur·

905 2131 972 2178 runt
1000 2139 1008 2177 ι
1033 2122 1094 2177 Τῶν
1120 2119 1212 2189 (iudeo
1240 2121 1386 2202 φιλοσόφων
1409 2126 1433 2180 oi
1460 2121 1519 2188 τοὺς
1544 2124 1679 2202 διαλόγους

903 2205 1115 2287 συγγράψαντες,
1143 2207 1325 2287 Ἀριστοτέλης
1355 2211 1402 2285 μὲν
1434 2210 1479 2268 καὶ
1507 2209 1676 2291 Θεόφραστος

903 2293 978 2361 εὐθὺς
992 2295 1079 2354 αὐτῶν
1090 2293 1191 2376 ἥψαντο
1203 2300 1255 2355 τῶν
1278 2296 1457 2375 πραγμάτων,
1479 2298 1522 2355 διὰ
1540 2297 1570 2357 τό
1588 2321 1675 2359 συντι-

904 2383 976 2443 δάναι
996 2385 1098 2450 ἑαυτοῖς
1111 2385 1165 2441 τῶν
1180 2384 1359 2443 Πλατωνοιῶν
1371 2383 1489 2461 χαρίτων
1502 2382 1551 2456 τὴν
1566 2385 1679 2444 ἔνδειαν·

911 2473 1022 2530 Πλάτων
1037 2473 1065 2529 δὲ
1078 2477 1112 2551 τῇ
1125 2471 1228 2552 ἐξουσία
1240 2475 1286 2529 τοῦ
1302 2469 1382 2547 λόγου
1397 2473 1462 2546 όμοῶ
1479 2468 1527 2547 μὲν
1543 2478 1597 2536 τοῖς
1610 2469 1671 2547 δόγ-

908 2582 974 2634 μασι
993 2561 1122 2638 μάχιται,
1142 2564 1208 2634 ὁμοῦ
1223 2557 1250 2617 δὲ
1269 2562 1314 2617 καὶ
1327 2559 1527 2636 παρακωμῳδεῐ
1547 2560 1581 2616 al
1598 2558 1682 2635 πρόσ-

906 2667 982 2717 ωπα,
996 2643 1181 2724 θρασυμάχου
1195 2642 1245 2721 μὲν
1259 2644 1289 2704 τὸ
1301 2644 1384 2723 Θρααδ
1395 2645 1441 2703 καὶ
1458 2645 1552 2720 ἰταμὸν
1571 2646 1682 2706 διαθάλ-

906 2734 969 2805 λων,
977 2731 1081 2792 Ἱππίου
1093 2731 1121 2790 δὲ
1131 2735 1265 2813 τὸαοῶρον
1278 2731 1447 2810 visitamini
1459 2733 1505 2791 rol
1518 2738 1627 2811 χαῦνον,
1636 2736 1682 2793 καὶ

908 2819 1085 2898 Πρωταγόρου
1102 2818 1133 2878 τὸ
1143 2818 1294 2888 ἀλαζονικὸν
1305 2819 1351 2877 καὶ
1374 2817 1529 2899 όπόρογιιον.
1549 2820 1640 2880 Ὅπου
1653 2821 1681 2880 δὲ

910 2907 1018 2986 ἀόριστα
1034 2905 1163 2984 πρόσωπα
1184 2905 1318 2982 ἐπεισάγει
1331 2912 1385 2971 τοῖς
1403 2905 1547 2982 διαλόγοις,
1566 2911 1612 2978 τῆς
1633 2907 1681 2983 μὲν

910 2993 1053 3074 εὐκρινείας
1062 2991 1148 3053 ἕνεκεν
1156 2997 1208 3052 τῶν
1220 2992 1386 3073 πραγμάτων
1400 2992 1528 3073 κέχρηται
1536 2999 1591 3061 τοῖς
1604 3017 1681 3074 προσ,

911 3081 1119 3160 διαλεγομένοιο,
1146 3081 1219 3140 οὐδὲν
1241 3081 1269 3139 δὲ
1290 3079 1379 3160 ἕτερον
1402 3083 1432 3139 ἐκ
1455 3084 1507 3141 τῶν
1533 3081 1681 3160 προσώπων

911 3173 1141 3236 ἐπεισκυιιλτῖταῑς
1149 3169 1310 3248 ὑποθέσεσιν,
1316 3165 1382 3248 όπτρ
1390 3168 1509 3240 ἐποίησιν
1524 3171 1551 3227 ἐν
1561 3177 1615 3235 τοῖς
1629 3171 1681 3229 Νό-

911 3279 979 3334 μοις.
1019 3255 1049 3296 ’·
1724 3321 1729 3328 .

950 3345 1010 3404 Etsi
1035 3366 1107 3404 vero
1132 3347 1257 3405 nonita.
1273 3346 1460 3417 multarunt,
1487 3366 1552 3424 quae
1573 3367 1608 3405 ex
1631 3348 1684 3406 hac

910 3453 976 3494 cum
990 3433 1151 3492 Platonicis
1162 3433 1399 3493 Aristoteleoruru
1412 3433 1594 3510 dialogorum
1607 3455 1685 3494 com-

911 3523 1062 3599 paratione
1072 3520 1171 3598 colligi
1186 3535 1325 3600 pomum,
1339 3521 1414 3580 illud
1424 3535 1615 3581 tamen-extra
1628 3524 1683 3582 du-

914 3609 1084 3670 bitationem
1112 3611 1239 3688 positum
1262 3609 1391 3682 ridetur,
1416 3611 1560 3668 minorem
1592 3624 1681 3669 arten:

913 3698 1078 3758 Aristotelis
1087 3697 1315 3776 etTheophrusti
1325 3697 1467 3774 dialogos,
1480 3699 1638 3776 presertim
1654 3700 1684 3756 in

912 3786 1086 3863 effingendis
1098 3786 1339 3844 interlocutorum
1350 3786 1494 3857 moribus,
1506 3785 1683 3854 ostendisse,

914 3875 965 3934 sed
993 3895 1083 3952 quum
1111 3875 1204 3950 roagh
1226 3875 1259 3933 iu
1281 3873 1369 3933 rebus
1389 3874 1463 3952 ipsis
1485 3872 1686 3949 doctrinisque

912 3961 1094 4041 exponendis
1106 3975 1307 4033 uersarentur,
1325 3973 1464 4037 praeterea
1475 3959 1627 4037 prooemiis
1639 3961 1686 4017 in-

912 4063 1035 4110 structos
1044 4050 1143 4121 luisse,
1151 4049 1259 4126 quibus
1270 4047 1414 4108 Platonici
1422 4049 1532 4123 dialogi
1540 4046 1685 4110 carebant.

913 4138 1016 4211 Qualia
1025 4149 1096 4194 'vero
1106 4136 1441 4215 haecprooemiafuerint,
1451 4134 1571 4214 quibus,
1580 4150 1687 4213 preater

913 4225 1160 4304 Theophrastum,
1177 4223 1360 4282 lleraclidem
1376 4222 1683 4300 quoque'l'onticrmr,

915 4316 969 4390 gui
986 4327 1015 4372 et
1040 4314 1105 4390 ipse
1127 4311 1293 4370 Aristotelis
1314 4309 1475 4387 discipulus
1505 4310 1576 4380 luit,
1598 4329 1682 4368 usum

913 4421 973 4459 esse
989 4412 1110 4459 testatur
1123 4398 1248 4457 Proclus
1264 4398 1297 4456 in
1315 4397 1445 4459 Platonis
1462 4397 1681 4467 parmenidem,

913 4510 944 4568 p.
958 4489 994 4557 54
1005 4489 1051 4549 ed.
1060 4487 1216 4559 Cousin,et
1224 4486 1342 4562 quidem
1354 4489 1404 4558 ita,
1411 4498 1445 4543 ut
1452 4499 1574 4563 uterque
1577 4485 1685 4562 justam

914 4578 1168 4657 reprehensionem
1183 4595 1242 4633 non
1257 4574 1423 4649 effugerint,
1439 4585 1541 4651 quum,
1555 4587 1587 4632 ut
1601 4575 1685 4648 dicit,

914 4667 1048 4731 παντελῶς
1061 4663 1187 4741 ἀλλότρια
1198 4662 1231 4720 τά
1242 4660 1368 4739 προοίμια
1378 4664 1430 4719 τῶν
1440 4663 1573 4737 ἑπομένων
1581 4677 1685 4733 essent,

915 4755 1026 4832 optime
1035 4774 1053 4814 a
1062 4753 1202 4811 Cicerone
1208 4752 1358 4822 docemur,
1373 4752 1425 4828 qui
1437 4768 1467 4808 se
1477 4751 1507 4808 in
1516 4751 1610 4808 haere
1619 4751 1686 4808 Ari-

916 4843 1027 4902 stotelis
1049 4859 1159 4899 morem
1181 4840 1325 4898 imitatum
1342 4859 1406 4898 esse
1433 4839 1568 4897 affirmat.
1590 4838 1686 4909 Quum

916 4930 993 4989 enirn
1002 4929 1160 4989 abAttico
1171 4941 1287 5003 rogatus
1296 4942 1381 5000 esset,
1402 4941 1435 4985 ut
1452 4927 1577 4985 varroni
1591 4927 1686 4984 locum

919 5017 950 5074 in
973 5017 1061 5076 libris
1076 5017 1120 5076 De
1132 5015 1285 5094 republica
1306 5014 1464 5087 tribueret,
1486 5015 1517 5073 id
1532 5033 1563 5072 se
1577 5015 1608 5072 in
1626 5014 1688 5071 ‹lin-

915 5105 982 5181 logo
1005 5119 1125 5184 propter
1157 5117 1322 5184 temporum
1346 5105 1489 5163 rationem
1517 5103 1611 5162 lacere
1630 5123 1689 5160 non

876 5213 912 5271 115
