4134 6134
787 347 792 366 '
841 343 1004 406 nthhuut.
1684 363 1726 426 aa

104 468 273 528 testimonio
287 470 505 547 comprobatur.
521 470 565 528 De
581 471 647 549 ipso
662 473 823 549 proverbio
837 474 875 533 ci.

105 555 279 631 lliogenian.
296 556 336 628 ΙΙ,
349 564 385 634 94
400 576 408 629 ς
422 557 555 636 Apostol.
570 556 616 628 lV,
640 579 650 615 1
665 581 673 630 ς
687 557 797 632 xvttt,
816 563 864 619 3ο.

421 717 450 774 9·
474 696 554 776 (νο)

144 836 270 914 Etymol.
285 837 325 898 Μ.
345 859 374 917 p.
394 859 463 912 γοα,
489 842 524 898 16
544 863 551 898 :
570 841 722 922 Σοφιστής·
754 841 848 923 κυρίως
865 848 879 903 δ

105 922 284 1002 σοφιζόμενος·
309 929 324 985 d
352 925 625 1005 δίἈριστοτίλης
650 929 775 1011 σοφιστὰς
804 931 878 1010 λέγει

102 1009 161 1076 τοὺς
175 1010 242 1071 ίπτδ
254 1012 358 1094 σοφοός·
371 1013 466 1094 hippi
478 1013 505 1074 δέ
519 1015 563 1074 καί
578 1018 592 1074 ὁ
606 1016 818 1100 ίθελοφιλόσοφος
833 1041 877 1078 σο·

102 1094 239 1174 φιστός,δ
257 1097 284 1158 δέ
299 1102 337 1178 τῷ
350 1098 406 1159 hrt
426 1101 512 1182 σοφός·
528 1099 585 1162 ὅθεν
607 1105 765 1182 ίπεπόλαζε,
782 1105 876 1182 λίγιιν·

103 1211 115 1234 r
132 1185 276 1266 Φιλοσόφιι
724 1215 727 1220 ·

164 1323 214 1386 ὄφρ’
227 1323 253 1374 αὖ
264 1325 395 1391 γιγνώσκῃς
405 1328 463 1390 ἡμὶν
475 1329 578 1388 isichii
592 1331 705 1394 σοφιστήν
719 1351 730 1374 ν

106 1449 154 1522 ill.
165 1451 197 1520 h,
211 1451 265 1507 128
274 1449 295 1529 ).
307 1451 362 1508 Νῦν
371 1449 496 1531 σοφιστὰς
505 1449 878 1532 τοδςδιατριόῶνπρσῑστεμί·

102 1560 169 1601 νσυς.
181 1535 275 1604 Οὕτως
290 1536 462 1604 Ἀπολλώνιος
474 1537 650 1620 (Ἡλιόδωρος
664 1539 837 1616 eod-hiare.)
851 1541 878 1596 έν

104 1623 247 1701 ’hirpinis
257 1627 309 1684 τῶν
322 1623 465 1704 Ἡροδότου
476 1627 615 1706 γλωσσῶν.
625 1619 670 1688 Cf.
683 1627 770 1706 Diog.
782 1627 876 1688 Lien.

103 1711 134 1783 l,
153 1733 186 1769 ra
211 1735 218 1770 r
235 1715 270 1774 oi
287 1711 314 1772 δέ
329 1709 402 1794 σοφοί
416 1715 461 1772 καὶ
475 1715 597 1795 σοφισταὶ
610 1715 760 1774 inanem.
775 1713 871 1776 schot.

102 1801 139 1860 sd
154 1800 237 1862 Iliad.
261 1825 291 1873 ο,
316 1811 374 1869 hro
391 1826 398 1859 ι
413 1803 448 1860 0l
465 1801 516 1882 γὰρ
536 1801 646 1862 παλαιοὶ
663 1801 763 1870 πάντας
784 1801 877 1881 σοφοὺς

102 1888 228 1968 σοφιστὰς
242 1891 362 1952 ίκέλσυν.
385 1889 536 1950 lamblich.
551 1892 604 1950 vit.
625 1890 748 1969 Pythag.
771 1912 797 1950 c.
824 1893 874 1961 ιδ,

104 1976 166 2032 83:
188 1972 268 2036 Ἔστι
289 1975 317 2036 δί
339 1975 406 2048 αὕτη
421 1981 438 2047 ἡ
451 1976 516 2050 αὐτὴ
535 1983 568 2058 τῇ
584 1980 636 2037 τῶν
657 1977 724 2038 insit
747 1981 876 2059 σοφιστῶν

101 2063 230 2143 λεγομένη
246 2064 334 2144 σοφίφ.
665 2101 667 2106 ,

418 2226 464 2265 ιο.
482 2203 561 2285 (οι.)

141 2343 244 2403 Sextus
266 2343 350 2424 Emp.
375 2347 442 2407 adv.
465 2347 570 2422 Dogm.
583 2344 634 2418 lv,
658 2347 694 2414 46
712 2361 720 2407 :
738 2341 785 2416 hl
805 2333 874 2402 ι’ίναι

102 2431 127 2488 δέ
153 2430 269 2510 [κίνησίν
291 2454 357 2513 φασι
381 2434 466 2512 scil.)
497 2437 521 2493 οἱ
544 2434 605 2514 περὶ
629 2431 800 2514 Παρμινίδην
828 2429 872 2491 καὶ

102 2519 251 2596 Μέλισσον,
265 2525 309 2588 οὓς
324 2526 338 2580 ὁ
356 2521 596 2602 Ἀριστοτέλης
618 2519 766 2589 στασιώτας
786 2541 815 2578 τι
827 2518 873 2576 καί

101 2605 241 2686 ἀφυσίκους
287 2611 430 2681 κέκληκεν·
469 2610 618 2678 στασιώτας
651 2609 698 2687 pis
738 2606 792 2667 ἀπὸ
825 2612 873 2678 τῆς

100 2697 232 2773 στοίσιως,
251 2699 390 2779 όφυσίκους
409 2697 437 2757 δέ
459 2697 499 2756 ότι
518 2697 590 2778 ἀρχὴ
612 2697 738 2768 κινήσεώς
761 2698 832 2755 ἐστιν
855 2701 872 2768 ἡ

100 2783 190 2864 φύσις,
205 2785 237 2857 ἣν
253 2788 354 2845 disthor
367 2784 480 2866 φάμενοι
494 2785 576 2861 μηδὲν
588 2790 722 2843 κινεῖσθαι.

142 2874 184 2932 Ad
199 2873 347 2951 dialogum
361 2873 397 2932 de
412 2872 604 2954 Philosophia
616 2873 717 2932 retulit
731 2871 793 2930 haec
804 2872 874 2929 Ber·

101 2958 236 3034 mysius,
248 2961 269 3018 l.
283 2961 302 3020 l.
313 2981 341 3039 p.
355 2963 404 3036 98.
419 2961 552 3020 Cetenrm
567 2957 714 3027 στασιώτας
725 2958 874 3018 Parmeni-

101 3046 166 3104 dem
177 3048 358 3108 ethlelissum
365 3063 520 3110 vocaverat
525 3050 586 3127 jam
597 3048 680 3108 Plato
689 3049 719 3107 in
726 3047 874 3107 Theaeteto

101 3153 132 3210 p.
153 3135 220 3204 181,
236 3143 275 3208 A,
301 3137 379 3194 unde
391 3135 508 3209 Rosius,
522 3156 554 3215 p.
575 3137 643 3210 uu,
657 3135 821 3212 srrspicatus
832 3147 875 3192 est

100 3220 178 3298 apud
193 3221 311 3281 Sextum
334 3243 438 3284 nomen
457 3224 622 3282 Aristotelis
644 3243 680 3281 ex
701 3242 800 3281 errore
820 3241 891 3302 pro·

100 3308 232 3370 Platonis
248 3313 374 3389 positum
387 3312 484 3372 luisse.
496 3311 576 3371 Nihil
592 3327 686 3371 tamen
699 3311 792 3370 obstat
802 3329 874 3388 qno-

101 3401 200 3458 minus
214 3401 385 3476 magistrum
402 3403 434 3460 in
444 3402 500 3462 hoc
515 3415 631 3461 secutus
645 3403 683 3461 sit
695 3399 874 3472 Aristoteles,

101 3489 261 3565 praesertim
286 3506 376 3565 quum
391 3489 508 3548 eosdem
523 3490 602 3548 solus
616 3487 758 3568 δφυσίκους
773 3486 875 3566 appel-

101 3573 176 3632 lasse
193 3575 336 3633 videatur.

481 3804 504 3845 ‘A

133 3897 271 3949 Aristoteles
286 3899 406 3962 sophistas
417 3903 486 3948 rocut
495 3902 586 3964 septem
597 3899 725 3964 sapientes.

475 4011 511 4056 to.

135 4108 186 4154 tion
196 4120 249 4158 esse
261 4111 341 4160 autern
353 4113 445 4162 motum
460 4110 543 4162 dicunt
559 4109 714 4162 Parmenides
723 4111 748 4162 et
760 4110 880 4172 Melissus,

102 4207 165 4256 quos
179 4194 317 4246 Aristoteles
330 4200 425 4249 vocarit
436 4201 539 4251 statores
548 4201 573 4251 et
581 4213 630 4252 non
640 4199 767 4264 physicon
779 4200 882 4250 statores

103 4284 200 4347 quidem
214 4297 229 4334 a
243 4286 358 4348 statione,
368 4301 416 4338 non
430 4290 544 4354 physicos
558 4293 653 4352 antem,
665 4291 779 4354 qnoniam
795 4291 880 4342 natura

101 4375 140 4422 est
164 4371 305 4436 principium
326 4381 419 4438 motus,
438 4391 509 4440 ouem
531 4380 680 4429 sustulerunt
698 4379 804 4430 dicentes
822 4378 880 4428 nihii

103 4472 204 4510 morert.
702 4471 705 4476 '

478 4575 514 4619 ll.

134 4670 214 4720 heiert
227 4669 366 4722 Aristoteles
384 4685 480 4737 magum
495 4671 614 4737 quendam
627 4687 656 4725 ex
666 4675 735 4738 syria
749 4675 880 4739 proiectum

102 4757 208 4807 Athenas
220 4759 299 4808 etatis
310 4759 402 4810 socrati
412 4759 515 4812 inlausta
527 4761 666 4826 praedixisse
677 4765 700 4813 et
713 4766 816 4814 mortem
831 4764 879 4814 rio·

102 4843 190 4891 lentam
203 4843 224 4892 ei
241 4843 354 4894 loturam.

473 4960 510 5004 ¹2.

135 5056 303 5108 Aristoteleset
312 5057 516 5122 hetpnosvsntsse
524 5063 606 5110 narrat
614 5062 735 5112 Socratem
745 5083 750 5111 ι
762 5063 880 5113 Isthmum

104 5146 456 5212 qnoqueiarorlnnsinprimo
464 5150 878 5202 commentariorumadiissereiert.

199 5249 440 5291 Aisaronensioi.
458 5251 492 5288 ιν.

1274 453 1423 562 istst.)

993 622 1078 700 Diog.
1099 622 1194 684 Laert.
1220 625 1266 697 ΙΙ,
1280 627 1318 695 ti
1336 649 1344 685 ε
1360 628 1472 701 Φησλδ’
1493 629 1728 710 Ἀριστοτέλης

955 709 1049 787 Μέγαν
1072 710 1131 770 stris
1156 711 1265 773 ίλθόντα
1279 715 1311 774 irs
1334 715 1434 796 Συρίας
1457 718 1493 785 τίς
1513 717 1620 792 Ἀθήνας
1640 723 1674 782 τό
1698 747 1727 784 τε

952 795 1021 854 α’λλα
1036 801 1202 876 καταγνῶναι
1215 805 1259 860 τοῦ
1275 803 1450 882 Σωκράτους,
1467 803 1512 864 καί
1529 805 1561 880 δὴ
1574 812 1621 868 καὶ
1641 810 1728 890 βίαιον

952 883 1057 943 insudas
1068 883 1116 956 τὴν
1129 888 1253 960 τελευτὴν
1267 891 1351 968 αὖτῷ.

1268 1049 1313 1090 12.
1334 1031 1343 1106 (
1352 1032 1412 1112 32.)

990 1165 1075 1239 Diog.
1095 1163 1189 1226 Lactt.
1215 1167 1259 1237 ll,
1275 1169 1335 1228 οδε
1354 1169 1407 1230 Καὶ
1428 1172 1634 1232 nondictum
1655 1174 1719 1254 (τὸν

952 1250 1099 1330 Σωκράτην
1120 1251 1197 1331 scil.)
1220 1252 1459 1334 Ἀριστοτέλης
1472 1259 1560 1339 φησίν·
1586 1261 1656 1321 ἀλλὰ
1677 1265 1722 1322 καὶ

952 1340 987 1405 τίς
1001 1337 1127 1415 Ἰσδμδν,
1142 1342 1178 1408 ῶς
1191 1341 1350 1421 Φαόιιρῖνος
1373 1345 1401 1403 έν
1414 1348 1453 1424 τῷ
1465 1346 1563 1427 πρώτῳ
1578 1351 1630 1406 τῶν
1644 1347 1723 1409 'altro-

951 1427 1193 1505 μνημογιυμιίτων.

1276 1561 1409 1641 nnis.)

988 1698 1084 1758 Cicer.
1104 1699 1226 1760 Tuscul.
1241 1701 1357 1779 Disput.
1374 1703 1433 1775 ΙΙΙ,
1461 1707 1516 1778 αδ,
1539 1709 1601 1785 69:
1622 1713 1726 1788 Itaque

951 1790 1142 1848 Aassrorncas
1160 1803 1270 1847 veteres
1294 1792 1475 1870 philosophus
1503 1813 1653 1865 accusans,
1680 1806 1727 1873 qni

948 1882 1180 1933 existimavimus
1201 1880 1415 1956 philosophiam
1434 1885 1492 1937 suis
1515 1888 1638 1956 ingeniis
1664 1906 1724 1943 esse

946 1963 1237 2038 perfectissimum
1258 1980 1311 2023 ant
1325 1971 1501 2025 inertissimos
1520 1984 1572 2026 aut
1588 1976 1726 2047 gloriosis·

947 2058 1031 2108 simos
1031 2051 1138 2123 fnisse,
1146 2055 1230 2110 sense
1237 2057 1333 2110 uidere
1340 2059 1517 2132 qnodpaucis
1525 2066 1609 2116 annis
1618 2081 1724 2137 magna

947 2146 1067 2197 accessio
1070 2139 1158 2212 sacta
1173 2153 1263 2211 esset,
1280 2144 1355 2198 brevi
1377 2156 1500 2219 tempore
1510 2145 1721 2221 philosophiam

943 2229 1031 2302 plane
1058 2229 1214 2285 absolutam
1228 2226 1309 2299 sore.
1331 2226 1438 2285 Eadem
1452 2245 1489 2287 ex
1502 2227 1643 2290 Cicerone
1666 2231 1722 2290 La·

947 2313 1072 2371 orantius
1086 2311 1158 2373 luat.
1172 2313 1265 2372 divin.
1279 2311 1336 2387 lli,
1353 2315 1403 2374 ss.

1158 2503 1182 2562 E
1205 2502 1318 2563 hlhtto
1339 2503 1519 2566 SECUNDO.

1267 2644 1404 2723 tt·(3t·i

985 2783 1108 2842 Procius
1124 2782 1201 2862 apud
1215 2781 1358 2840 loannem
1372 2757 1571 2862 Philoponnns
1599 2807 1625 2845 c.
1646 2785 1722 2844 Pro-

946 2871 1066 2931 clurnde
1076 2869 1178 2928 hlundi
1191 2870 1360 2938 aeternitate,
1376 2867 1416 2942 ll,
1433 2891 1462 2941 a,
1477 2871 1528 2930 sol.
1542 2871 1577 2942 B,
1594 2893 1620 2944 ι,
1634 2893 1722 2933 verso

946 2961 1100 3022 etl-Venet·
1115 2957 1189 3016 1535
1202 2978 1208 3014 :
1221 2956 1274 3018 Kal
1284 2955 1362 3022 arith<
1371 2959 1399 3018 δέ
1411 2964 1425 3018 d
1437 2956 1557 3037 Πρόκλος
1576 2961 1603 3016 ίν
1617 2961 1722 3028 πολλοῖς

946 3072 974 3108 το
997 3045 1085 3114 σίλλοις
1110 3044 1222 3116 τὴντῶν
1245 3040 1392 3124 φιλοσόφων
1409 3046 1567 3122 (Πλάτωνος
1585 3048 1630 3107 καὶ
1651 3048 1720 3126 Ἀρι-

946 3133 1080 3200 στοτέλους
1100 3133 1181 3214 scih)
1198 3131 1339 3214 διαφωνίαν
1355 3133 1528 3213 διαφερόντων
1544 3139 1576 3214 τῇ
1594 3135 1653 3216 περὶ
1667 3141 1719 3196 τῶν

946 3225 1020 3284 ἰδεῶν
1039 3221 1158 3282 ὑποθέσει
1178 3221 1327 3302 φιλαλήθως
1341 3222 1522 3301 ὡμολόγηκεν.
1539 3223 1586 3284 Ἔν
1607 3231 1669 3297 γοῦν
1682 3230 1721 3306 τῷ

945 3311 1015 3390 λόγῳ
1026 3308 1054 3368 δν
1065 3308 1210 3389 ίπέγραψεν
1220 3306 1376 3388 Ἐπίσκεψις
1385 3311 1436 3366 τῶν
1449 3309 1513 3388 πρὸς
1518 3310 1562 3368 τὸν
1576 3311 1720 3380 Πλάτωνος

946 3396 1066 3472 Τίμαιον,
1098 3395 1142 3453 ὑπ’
1167 3394 1359 3474 Ἀριστοτέλους
1388 3396 1598 3474 ἀπειρημένων,
1628 3399 1655 3456 έν
1680 3403 1719 3477 τῷ

945 3481 1043 3562 πρώτῳ
1066 3479 1202 3564 κεφαλαίῳ
1219 3481 1304 3539 ταῦτά
1323 3505 1401 3560 φησιν
1423 3483 1466 3542 tut
1486 3482 1590 3552 λέξεως·
1610 3511 1621 3536 ι
1642 3485 1676 3546 ‘0
1691 3489 1718 3547 δὲ

945 3569 1124 3652 Ἀριστοτέλης
1137 3569 1181 3628 καλ
1194 3568 1259 3647 πρὸς
1272 3571 1336 3630 αὐτὸ
1347 3569 1377 3628 sir
1392 3571 1475 3647 ὄνομα
1491 3572 1655 3652 δυσχεραίνει
1671 3582 1718 3632 τοῦ

1185 3793 1204 3837 E
1221 3791 1312 3838 hthno
1329 3791 1482 3839 secutivo,

1310 3908 1347 3954 ll.

973 4021 1026 4081 ipse
1045 4030 1102 4066 rero
1118 4016 1218 4066 Procius
1231 4030 1287 4066 cum
1307 4016 1331 4066 in
1348 4018 1431 4066 multis
1445 4017 1497 4068 aliis
1519 4019 1607 4066 tumet
1625 4017 1649 4068 in
1671 4018 1716 4066 do-

937 4106 1014 4156 ctrina
1028 4104 1059 4155 cle
1072 4103 1133 4153 ideis
1149 4105 1255 4155 Platonis
1264 4107 1290 4153 et
1308 4104 1443 4154 Aristotelis
1455 4103 1629 4154 dissensionem
1650 4105 1715 4168 inge·

937 4206 984 4243 nne
1008 4193 1105 4242 latetur.
1123 4195 1150 4242 ln
1171 4191 1233 4241 libro
1257 4191 1354 4255 quidem
1376 4205 1448 4254 quem
1471 4191 1610 4254 inscripsit:
1628 4191 1714 4256 Explo-

936 4281 997 4330 ratio
1010 4293 1094 4330 eorum
1110 4291 1165 4343 que
1185 4278 1217 4329 ah
1236 4279 1365 4328 Aristotele
1380 4281 1462 4328 contra
1482 4277 1586 4329 Platonis
1597 4279 1714 4330 Timenm

935 4367 1088 4428 dictasunt,
1110 4368 1187 4432 primo
1206 4367 1300 4429 capite,
1322 4366 1375 4416 ime
1388 4369 1445 4416 suni
1466 4367 1518 4430 ipsa
1539 4365 1592 4428 eius
1610 4365 1684 4417 rerha
1705 4385 1712 4416 ι

936 4475 948 4499 ι
966 4457 1108 4507 Aristoteles
1129 4471 1188 4506 sero
1209 4461 1233 4506 et
1252 4455 1310 4504 iliud
1323 4455 1402 4518 ipsum
1418 4453 1537 4519 improbet
1552 4455 1616 4519 quod
1630 4470 1712 4508 esem·

935 4545 1008 4608 pluria
1024 4544 1222 4606 immorantur,
1238 4543 1400 4606 metaphorice
1411 4542 1458 4592 hoc
1469 4543 1560 4594 dictum
1578 4557 1632 4594 esse
1644 4545 1711 4594 aihr·

935 4643 1020 4692 inens,
1033 4633 1059 4679 at
1072 4632 1148 4680 mutto
1161 4630 1237 4692 magis
1250 4630 1373 4692 impugnat
1390 4629 1502 4680 universe
1510 4629 1643 4680 doctrinam
1656 4645 1710 4695 quse

933 4717 1000 4768 ideas
1016 4717 1108 4767 inducit
1119 4721 1144 4767 et
1156 4718 1276 4781 precipue
1287 4719 1503 4780 ipsum-animai,
1515 4720 1543 4769 ut
1555 4719 1580 4768 in
1589 4719 1712 4782 hietaphy-

933 4804 983 4854 sica
998 4805 1101 4868 scripsit.
1124 4807 1205 4868 Neque
1222 4805 1273 4854 scio
1287 4817 1318 4854 an
1338 4805 1378 4855 iile
1393 4805 1431 4855 sir
1446 4806 1510 4856 alind
1525 4819 1557 4856 ex
1572 4806 1602 4856 iis
1622 4818 1677 4870 ques
1695 4817 1710 4854 a

934 4891 1034 4943 Platone
1046 4893 1110 4943 dicta
1122 4896 1179 4944 suat
1193 4905 1263 4956 aqna
1277 4892 1385 4955 reieeent
1400 4907 1429 4944 oc
1440 4894 1574 4944 dmtrinssn
1589 4893 1620 4943 da
1636 4892 1709 4953 ideis,

934 4992 978 5028 nec
991 4980 1070 5030 αοΙυιυ
1088 4981 1113 5030 in
1126 4980 1208 5045 logicis
1222 4981 1318 5044 scriptis
1327 5001 1340 5024 ι
1352 4981 1432 5031 inania
1443 4982 1574 5045 διανταία»
1585 4980 1651 5032 ideas
1666 4993 1709 5030 ro·

933 5080 1004 5130 cans,
1022 5068 1063 5118 sed
1077 5074 1102 5120 et
1121 5069 1145 5119 in
1163 5069 1255 5121 Ethicis
1275 5070 1472 5133 ipsum-hotrum
1493 5069 1635 5134 impugnans
1647 5070 1673 5117 et
1686 5067 1710 5116 in

935 5155 1045 5219 Physicis
1058 5169 1132 5221 quoin
1147 5158 1177 5208 ad
1197 5157 1264 5208 ideas
1278 5158 1442 5222 generationes
1460 5157 1542 5208 reterri
1558 5157 1630 5214 nolit,
1645 5157 1672 5205 ut
1684 5155 1710 5205 is

1602 5249 1617 5294 3
