4134 6134
675 334 924 407 QUAESTIONES
945 337 1167 403 HOMERlCAE.

121 483 191 520 ιαιτο
202 460 284 518 satta
299 460 382 532 ίδιίιν,
396 460 500 541 Ἀχιλῆι
514 462 537 522 δ’
556 464 669 542 δρινθείη
682 467 755 547 φίλον
767 458 831 546 ἦτορ
844 469 890 528 καί

119 547 344 622 ίαατακτείνειε,
366 547 426 617 Διὸς
446 549 469 607 δ’
488 550 612 622 ἀλίτηται
632 553 794 633 ε’φετμάς,ἀ
816 557 887 614 ίστιν

118 639 250 704 ἐντολάς...
267 637 336 703 ὅλως
349 635 402 716 γθρ
415 637 576 718 ταράσσεται
594 639 755 719 δἈχιλλεθς
775 644 885 702 ἐνταῦθα

115 729 147 792 ὡς
161 726 294 801 μάλιστα,
308 727 331 785 εἰ
345 726 391 784 καὶ
404 725 482 802 μόνον
497 727 603 786 ἀκούσαι
616 723 745 809 Ἕκτορος
759 729 855 807 ὄνομα,
870 730 885 791 θ

115 813 144 883 δὴ
158 812 202 871 καί
218 815 357 880 Φίλιππος
370 811 476 892 λέγεται
492 813 606 894 πάσχειν
619 813 687 891 μετθι
700 814 749 888 τὴν
763 819 791 874 lv
807 818 883 897 μάχῃ

115 900 268 982 πήρωσιν...
282 901 330 962 td
340 902 395 961 οὐδ’
409 900 543 983 ἐμφανίζει
556 903 629 984 αὐτῷ
641 902 685 962 τδν
700 902 765 978 υἱόν,
783 905 821 981 μὴ
836 906 883 964 καί

113 989 175 1049 tirel
185 991 225 1072 τῷ
237 993 323 1071 νεκρῷ
333 981 419 1057 οἶκτος
430 995 476 1048 τοῦ
489 991 589 1070 πατρὸς
600 992 793 1073 ἀναζοιπυριίση
805 993 884 1074 χόλον

112 1080 147 1154 τῷ
163 1075 292 1157 Ἀχιλλεῖ,
315 1077 373 1154 ἅμα
388 1076 416 1137 δὲ
440 1079 485 1150 ἠοῖ
508 1077 651 1159 φαινομένῃ
675 1079 783 1160 ὄψεσθαι
805 1081 883 1140 αὐτὸν

109 1163 187 1240 λίγει.
204 1163 352 1244 Συνάγετοιι
366 1165 394 1224 δέ
411 1165 501 1224 τὸτοῦ
515 1166 655 1246 Ἀχιλλίως
669 1168 782 1227 ἀστατον
797 1168 842 1228 καί
856 1170 883 1226 ίν

107 1256 138 1322 τῆ
155 1251 179 1312 α’
190 1252 311 1334 ῥαψῳδία
324 1251 370 1311 καί
381 1257 408 1314 ίν
422 1263 478 1320 ταῖς
492 1257 594 1322 Λιταῖς.

147 1343 186 1403 Τὸ
199 1344 299 1418 ὁμαλὸν
312 1344 345 1402 in
360 1344 487 1420 ingeniis
500 1344 698 1422 exprimendis
710 1364 772 1404 esse
783 1344 882 1406 obser·

110 1429 249 1503 randum,
258 1431 393 1510 praecipit
404 1433 572 1490 Aristoteles
585 1433 615 1489 in
628 1433 705 1491 libro
719 1432 755 1492 de
767 1431 884 1493 Poetica

108 1538 133 1578 c.
149 1522 183 1577 15
200 1519 217 1594 §
231 1527 260 1586 t.

418 1653 455 1710 30
477 1652 568 1730 (195).

144 1795 251 1855 Strabo
265 1795 347 1870 Xlll,
361 1818 391 1876 p.
404 1798 462 1874 598
480 1820 486 1855 τ
503 1798 556 1858 Καὶ
573 1798 625 1876 μὴν
639 1799 700 1876 τύγε
712 1799 879 1876 ναύσταθμον

104 1883 134 1941 τὸ
147 1888 195 1943 νῦν
206 1883 247 1943 ἔτι
262 1885 401 1962 λεγόμενον
415 1886 527 1960 πλησίον
540 1885 622 1956 οὕτως
636 1888 692 1946 ἐστὶ
706 1891 753 1958 τῆς
768 1894 812 1947 νῦν
824 1889 879 1948 πό-

103 1974 169 2037 λεως
184 1974 264 2049 (scil.
280 1972 396 2051 Ἰλίου),
414 1972 483 2032 ὥστε
498 1975 640 2050 θαυμάζειν
655 1973 761 2042 εἰκότως
775 1977 806 2035 ἀν
820 2001 878 2036 τινα

101 2063 154 2116 τῶν
177 2059 227 2136 μέν
241 2065 289 2132 τῆς
307 2060 449 2136 ἀπονοίας,
471 2065 523 2120 τῶν
539 2062 567 2121 δὲ
587 2065 736 2124 τούναντίον
750 2070 796 2137 τῆς
811 2069 879 2147 ἀψυ-

100 2150 174 2226 χίας·
191 2148 316 2231 ἀπονοίας
340 2148 406 2225 μίν,
427 2151 451 2207 εἰ
469 2157 592 2210 τοσοῦτον
616 2154 710 2233 χρόνον
729 2153 878 2233 ἀτείχιστον

101 2236 166 2295 αὐτὸ
177 2227 267 2316 εἶχον,
282 2238 393 2308 πλησίον
410 2236 491 2308 οὔσης
510 2242 556 2309 τῆς
574 2238 676 2308 πόλεως
690 2241 736 2298 καί
754 2241 878 2301 τοσούτου

98 2324 214 2393 πλήθους
222 2329 271 2384 τοῦ
280 2324 304 2383 τ’
311 2326 338 2383 lc
351 2327 417 2405 αὐτῇ
428 2327 527 2385 καὶτοῦ
537 2329 716 2408 ἐπικουρικοῦ·
725 2328 816 2385 νεωστί
826 2329 878 2410 γίιρ

97 2413 235 2490 γεγονέναι
249 2413 314 2495 φησί
328 2413 359 2472 rb
377 2421 478 2493 τεῖχος·
493 2413 511 2483 ἢ
525 2413 578 2473 οὔδ’
593 2415 710 2492 ἐγένετο,
728 2414 783 2475 cdl
802 2417 878 2476 πλά-

97 2523 146 2566 σας
161 2500 277 2573 ποιητὴς
295 2502 440 2582 ἠφάνισεν,
466 2505 501 2569 ὡς
523 2503 759 2582 Ἀριστοτέλης
781 2501 877 2584 φησίν·

97 2589 215 2667 ἀφυχίας
230 2588 276 2662 δὲ,
301 2591 325 2648 εί
342 2589 481 2667 γενομένου
505 2596 551 2648 τοῦ
568 2591 671 2670 τείχους
689 2593 877 2672 ἔτειχομάχουν

96 2675 142 2732 καί
161 2675 301 2736 statuero
316 2678 353 2744 είς
372 2676 482 2736 αῦτδτθ
498 2678 665 2754 ναύσταθμον
680 2679 726 2737 καί
742 2679 877 2756 προσεμά-

94 2785 174 2841 χοντο
183 2767 243 2834 ταῖς
252 2763 357 2840 ναυσίν,
372 2763 520 2844 ἀτείχιστον
535 2764 562 2823 δὲ
575 2765 678 2844 ἔχοντες
689 2771 738 2824 οῦκ
753 2764 878 2847 ίθάρρουν

93 2855 251 2930 προσιόντες
268 2855 417 2931 πολιορκεῖν
432 2857 527 2930 μικροῦ
542 2859 587 2910 τοῦ
606 2854 784 2931 διαστήματος
792 2855 875 2921 ὄντος.

136 2940 173 2998 ln
202 2954 266 2998 totu
287 2940 341 2999 bac
367 2940 404 2998 de
426 2939 558 3017 Trojano
583 2962 653 3018 agro
680 2943 877 3021 disputatione

90 3042 215 3087 secutus
225 3042 270 3087 est
283 3028 389 3086 Strabo
400 3030 537 3087 Demetrii
547 3028 658 3108 Scepsii
671 3030 779 3089 librum
788 3031 877 3107 Τρωϊ-

91 3116 136 3180 κδς
156 3114 314 3192 Διάκοσμος
335 3116 527 3194 inscriptum,
547 3119 595 3176 cui
617 3120 738 3177 fortasse
753 3117 875 3176 debetur

88 3206 180 3262 etiam
192 3205 394 3262 testimonium
406 3224 443 3262 cx
457 3206 612 3265 Aristotele
624 3209 782 3285 prolatum.
799 3205 873 3264 Num

88 3314 126 3351 cx
137 3291 289 3351 Strabone
298 3288 426 3352 hauserit
439 3293 605 3353 Eustatbius
614 3296 665 3373 qui
677 3293 792 3353 duobus
802 3294 875 3352 locis

1661 360 1718 420 tta

944 469 1015 530 νικθν
1031 476 1108 532 τοῦτο
1123 474 1207 553 τεῖχος
1219 475 1324 554 ἀρέσκει
1335 479 1387 545 τοῖς
1398 481 1518 550 παλαιοῖς
1531 485 1642 563 πλάσμα
1652 478 1718 548 εἶναι

943 555 1099 638 Ὁμηρικόν.
1115 559 1158 641 Τῇ
1171 560 1221 638 γάρ
1234 564 1358 646 ἀληθείφ,
1378 568 1468 646 φασίν,
1482 570 1511 630 οὗ
1523 569 1643 651 γέγονεν,
1659 576 1719 636 ἀλλ’

947 646 1083 708 ίπλάσατο
1102 649 1150 721 τὴν
1166 650 1230 730 πρὸς
1248 653 1286 732 τῷ
1309 655 1469 738 ναυστάθμῳ
1484 659 1658 738 τειχοποιίαν,
1672 665 1717 725 καὶ

943 731 978 792 rb
994 739 1054 794 κατ’
1077 737 1159 809 αὐτὴν
1174 741 1188 796 ὁ
1202 739 1312 810 ποιητὴς
1327 742 1376 822 οὐχ
1391 744 1502 824 ἱστορῶν
1516 754 1628 824 πρᾶγμα
1642 752 1716 829 γενιί·

942 845 1031 900 μενον,
1052 827 1111 885 ἀλλ’
1132 830 1168 894 ὡς
1188 827 1324 906 γενόμενον
1347 831 1521 909 ἐκτιθέμενος.
1547 837 1591 898 lb.
1608 859 1637 918 p.
1658 843 1717 918 690

943 912 961 967 8
978 933 986 968 t
1002 912 1053 972 Διά
1074 912 1100 971 δὲ
1117 918 1162 973 τοῦ
1179 919 1320 984 παντελοῦς
1335 908 1407 986 αύθις
1423 922 1571 1000 ἀφανισμοῦ
1584 927 1716 1007 διαφεύγει

941 999 985 1059 τὸν
998 1007 1046 1060 τοῦ
1059 1005 1166 1084 ψευδοῦς
1181 1003 1304 1087 ἔλεγχον,
1316 1009 1393 1076 αὐτὸς
1407 1009 1519 1081 ποιήσας
1530 1011 1560 1072 τὸ
1572 1017 1659 1094 τεῖχος
1670 1016 1717 1073 αὖ·

940 1087 984 1156 τὸς
1001 1089 1143 1169 ἀφανίσας,
1163 1095 1198 1161 ὡς
1219 1095 1265 1151 καί
1280 1093 1514 1176 Ἀριστοτέλης
1536 1101 1628 1172 δηλοῖ,
1648 1101 1715 1161 trau

941 1173 990 1254 ἔφη
1005 1175 1046 1235 δτι
1057 1177 1087 1236 rb
1099 1180 1184 1258 τεῖχος
1196 1184 1210 1238 ὁ
1224 1181 1326 1262 φράσας
1346 1185 1417 1262 (leg.
1434 1185 1552 1246 fortasse
1566 1190 1580 1246 δ
1593 1189 1715 1269 πλάσας)

940 1264 1052 1336 ποιητὴς
1067 1266 1207 1346 ἠφάνισεν,
1224 1269 1300 1347 cs.·p.
1316 1273 1385 1344 888,
1403 1273 1437 1331 51
1457 1293 1464 1334 :
1482 1275 1564 1344 Αὐτὸς
1578 1275 1608 1336 τθ
1628 1283 1714 1358 τεῖχος

940 1355 1058 1434 ε’γείρας,
1074 1359 1109 1425 ὡς
1131 1357 1177 1416 καί
1191 1363 1349 1438 προερρέθη,
1368 1362 1445 1429 αὐτὸς
1465 1364 1512 1424 καί
1525 1367 1655 1448 ἀφανίσας
1669 1371 1714 1430 καὶ

939 1444 1121 1524 καταρρίψας,
1139 1447 1174 1512 ὡς
1198 1448 1333 1516 παντελῶς
1349 1451 1461 1527 πλάσμα
1477 1450 1505 1511 ἀν
1521 1457 1617 1528 αὐτοῦ,
1636 1481 1714 1517 συνα-

941 1531 1054 1609 φανίζιον
1081 1541 1135 1601 τοῖς
1153 1534 1276 1612 ἐρειπίοις
1295 1537 1341 1594 καὶ
1361 1539 1405 1598 τὸν
1432 1539 1570 1622 ἐσύστερον
1591 1543 1711 1626 ἔλεγχον.

939 1618 1055 1688 Quibus
1070 1619 1179 1680 similia
1189 1629 1258 1684 sunt
1272 1645 1337 1702 quae
1355 1628 1386 1685 in
1400 1627 1499 1690 Schol.
1513 1631 1560 1690 BL
1577 1635 1613 1692 ad
1628 1635 1664 1697 Il.
1680 1660 1710 1708 η,

940 1709 1016 1780 445,
1030 1711 1194 1787 praesertim
1210 1731 1281 1770 vero
1298 1717 1327 1772 in
1343 1714 1413 1772 BLV
1435 1717 1471 1774 ad
1487 1719 1572 1794 lliad.
1587 1745 1619 1798 μ,
1635 1733 1652 1792 t
1671 1727 1712 1784 le·

938 1796 1034 1870 gimus
1052 1819 1059 1853 z
1074 1796 1175 1857 Τούτου
1189 1796 1241 1878 γδιρ
1256 1800 1334 1882 χάριν
1353 1803 1398 1862 καί
1413 1805 1545 1866 ἀνέπλασε
1558 1808 1605 1880 τὴν
1627 1834 1712 1891 τειχο·

936 1882 1040 1956 ποιίαν,
1052 1884 1118 1962 ὑπὲρ
1130 1891 1175 1945 τοῦ
1193 1889 1295 1964 ἀγῶνας
1307 1895 1412 1962 κινῆσαι
1431 1893 1474 1950 ἐπὶ
1490 1898 1524 1974 τῇ
1539 1901 1709 1979 τειχομαχία.

937 1969 1001 2031 Ἐπὶ
1016 1962 1061 2029 οῦν
1075 1977 1122 2031 τοῦ
1142 1977 1267 2052 Τρωϊκοῦ
1280 1977 1380 2057 τείχους
1393 1985 1469 2039 τοῦτο
1483 1982 1621 2064 ἀμήχανον
1636 1961 1711 2065 (θεύ-

939 2056 1047 2128 ποίητον
1061 2060 1111 2139 γὰρ
1125 2051 1188 2140 ivl·
1202 2062 1268 2143 ὑπὲρ
1288 2063 1315 2122 δὲ
1334 2071 1379 2124 τοῦ
1397 2067 1463 2142 μηδὲ
1478 2068 1577 2144 ταύτην
1601 2076 1711 2133 καταλι-

935 2153 994 2204 πεῖν
1008 2149 1058 2217 clu
1071 2147 1159 2224 ίδίαν,
1175 2150 1220 2208 ἐπὶ
1234 2155 1273 2231 τῷ
1282 2156 1333 2210 τῶν
1346 2153 1481 2226 Ἑλλήνων
1495 2157 1578 2238 τείχει
1596 2160 1643 2233 τὴν
1657 2187 1711 2222 τει-

935 2231 1071 2312 χομαχίαν
1090 2239 1171 2297 ποιεί.
1187 2236 1267 2298 Ἐπεί
1288 2239 1314 2298 δὲ
1334 2239 1409 2309 αὐτὸς
1425 2243 1546 2325 ἀνήγειρε
1561 2245 1591 2306 τὸ
1607 2258 1709 2329 τεῖχος,

934 2320 1063 2381 διάτοῦτο
1082 2323 1128 2381 καί
1147 2324 1273 2404 ἠφάνισεν
1286 2328 1364 2402 αὐτό,
1382 2329 1426 2387 τὸν
1442 2331 1550 2411 ἔλεγχον
1565 2335 1708 2416 συναφανί·

933 2409 994 2476 ζων.
1011 2409 1079 2469 llaec
1091 2425 1191 2490 aperte
1206 2433 1243 2472 ex
1263 2415 1364 2474 eodem
1378 2417 1456 2478 tonte
1470 2421 1628 2483 fluxerunt.
1651 2425 1708 2494 Qui

935 2509 1047 2571 tamen,
1071 2513 1166 2558 utrum
1183 2501 1315 2579 dialogus
1330 2523 1366 2562 au
1381 2506 1561 2574 Quaestiones
1578 2515 1710 2572 Homeri·
1788 2512 1793 2524 '

934 2607 974 2645 cae
986 2587 1105 2666 luerint,
1122 2589 1252 2650 dubitari
1265 2592 1343 2654 lieet.

1245 2721 1279 2778 31
1305 2723 1395 2802 (196).

973 2850 1127 2908 Athenaeus
1139 2848 1220 2925 Xlll,
1232 2870 1263 2928 p.
1273 2851 1342 2925 556,
1354 2853 1381 2909 Ι)
1397 2875 1404 2910 :
1420 2855 1568 2932 Θαυμάσαι
1579 2859 1601 2916 δ’
1614 2859 1645 2917 ἀν
1658 2883 1707 2934 τις,

933 2937 1011 3018 φησίν
1040 2936 1295 3019 Ἀριστοτέλης,
1319 2938 1359 2998 δτι
1387 2941 1503 3018 οὐδαμοῦ
1528 2946 1575 3016 τῆς
1598 2945 1708 3014 Ἰλιάδος

930 3023 1165 3106 Ὀμηροςίποίησε
1176 3025 1303 3107 Μενελάῳ
1314 3029 1530 3106 συγκοιμωμένην
1541 3033 1705 3108 παλλακίδα,
1749 3056 1750 3060 ’
1766 3083 1771 3090 .

932 3124 999 3175 πᾶσι
1013 3113 1072 3183 δούς
1093 3121 1228 3193 γυναῖκας.
1248 3118 1400 3192 Κοιμῶνται
1414 3122 1474 3195 γοῦν
1493 3121 1557 3198 παρ’
1576 3122 1707 3201 αὐτῷκαὶ

931 3207 955 3262 ol
969 3201 1167 3282 γέροντεςμετά
1180 3206 1309 3282 γυναικῶν
1321 3201 1452 3283 ,Νέστωρ
1469 3204 1524 3285 (ll.
1537 3208 1565 3280 λ,
1580 3210 1647 3287 6ο6)
1661 3212 1706 3270 καί

929 3289 1031 3367 Φοίνιξ.
1048 3293 1088 3350 Οὐ
1100 3287 1152 3368 γάρ
1166 3281 1233 3362 ἦσαν
1250 3282 1320 3349 οὗτοι
1336 3290 1506 3370 ἐκλελυμένοι
1519 3303 1572 3362 τοῖς
1585 3295 1705 3375 σώμασιν

87 3382 258 3440 verborum
280 3382 446 3440 Aristotelis
469 3382 602 3441 meminit
624 3382 765 3453 dubium,
782 3401 871 3460 quum
929 3381 1019 3446 ἐντοῖς
1033 3383 1080 3450 τῆς
1092 3376 1215 3450 νεότητος
1227 3381 1329 3458 χρόνοις
1343 3377 1361 3452 ἢ
1377 3379 1420 3440 διὰ
1440 3381 1520 3458 μέθης
1534 3380 1551 3454 ἢ
1569 3383 1602 3443 δι’
1621 3387 1704 3465 depo.

88 3472 178 3527 etiam
195 3469 232 3527 in
252 3468 371 3528 scholiis
383 3468 420 3528 ad
436 3469 557 3528 Iliadem
576 3471 723 3547 legantur.
738 3470 870 3529 Eustatlr.
928 3467 1018 3527 δισίων
1040 3464 1057 3538 ἢ
1079 3464 1125 3524 καί
1144 3465 1186 3524 διὰ
1201 3471 1249 3539 τῆς
1275 3469 1301 3526 ἐν
1322 3477 1379 3535 ταῖς
1395 3469 1551 3551 ἀδηφαγίαις
1573 3473 1703 3554 ἀπεψίας,

86 3561 119 3616 in
129 3558 262 3636 iliadp.
276 3559 335 3634 689
349 3559 384 3631 57
398 3577 406 3616 τ
419 3557 574 3633 Σημείωσαι
585 3559 612 3617 δί
624 3558 669 3620 καί
679 3558 719 3617 δτι
728 3558 758 3618 cl
770 3558 871 3629 Ἕλλη·
929 3553 996 3614 ὥστε
1008 3554 1114 3621 εἰκότως
1125 3551 1253 3634 ἔρρωνται
1267 3557 1305 3635 τῷ
1319 3554 1399 3636 γήρᾳ.
1412 3555 1517 3616 Ἔοικεν
1530 3550 1573 3617 οῦν
1586 3562 1600 3616 ὁ
1614 3561 1705 3635 Σπαρ-

85 3725 171 3786 paruit
187 3723 305 3774 sermoni.
320 3722 422 3774 videtur
439 3730 518 3775 autem
530 3725 555 3775 id
568 3725 736 3776 convenienter
754 3725 832 3775 tacere
847 3727 874 3773 ut
929 3734 1010 3771 rorum
1022 3719 1183 3780 dementiam,
1195 3719 1325 3770 alterorum
1335 3721 1494 3774 timiditatem.
1511 3725 1650 3773 Graecorum
1667 3727 1703 3773 in-

83 3812 179 3861 terreat
196 3814 318 3860 sesemet
329 3811 463 3862 clamesitis
474 3814 567 3862 avocet.
580 3815 632 3862 tioc
645 3826 702 3862 vcro
716 3826 763 3862 non
775 3811 808 3862 ita
817 3815 871 3861 est:
927 3824 1000 3875 quam
1016 3809 1164 3872 vecordiam,
1178 3809 1198 3860 si
1212 3814 1278 3860 bulo
1291 3824 1346 3860 eum
1356 3814 1463 3875 tempore
1474 3813 1525 3862 sinc
1539 3814 1613 3862 muris
1622 3817 1704 3864 ιειιιιυ-

83 3896 109 3947 in
133 3897 298 3962 sequentibus
316 3899 380 3948 enlm
391 3905 461 3962 poeta
474 3899 562 3950 indicat
581 3901 613 3950 ita
626 3899 677 3950 lieri
695 3902 821 3964 oportere,
842 3912 873 3950 ne

84 3985 207 4035 Priamus
224 3984 299 4034 illium
313 3984 403 4035 dolenti
413 3985 486 4036 corde
497 3988 649 4050 conspicatus
660 3988 722 4037 iram
735 4000 783 4036 nou
795 3987 872 4036 conti·

82 4075 170 4130 neret.
185 4070 294 4121 Achillea
305 4085 363 4121 sero
375 4073 399 4122 in
415 4070 475 4121 iram
483 4065 619 4123 commotus
630 4074 710 4136 ipsum
722 4071 872 4134 interficeret,

78 4161 215 4222 lorisque
227 4158 326 4208 violaret
340 4160 482 4210 mandata...
494 4163 597 4211 Prorsus
608 4161 671 4210 enim
685 4173 757 4223 quam
768 4161 872 4208 maxime

78 4250 129 4298 boc
140 4247 204 4297 loco
218 4246 328 4295 turbatur
335 4246 437 4297 Achilles
449 4248 527 4298 solum
539 4247 638 4299 audiens
649 4261 736 4298 nomen
746 4246 870 4308 Hectoris,

78 4335 152 4399 quod
177 4336 207 4384 et
229 4332 337 4398 Pbilippo
358 4335 472 4386 accidisse
489 4336 577 4386 dicitur
596 4340 722 4400 postquam
742 4335 766 4385 in
788 4336 871 4398 proelio

77 4425 157 4473 oculo
171 4421 278 4472 orbatas
293 4425 358 4473 eat..
371 4424 451 4480 Quare
462 4438 506 4474 nec
519 4425 625 4474 ostendit
641 4425 736 4475 Priamo
752 4423 826 4474 filium
840 4437 871 4474 ne

76 4514 167 4562 tuctus
187 4510 217 4560 in
229 4509 333 4561 detuncti
347 4513 474 4574 conspectu
486 4512 547 4560 iram
558 4512 644 4562 Achilli
661 4510 789 4575 accendat,
805 4512 871 4562 dicit·

75 4616 130 4664 que
142 4601 275 4652 Priamum
284 4600 354 4650 είιοιιΙ
364 4602 431 4662 atqu
438 4613 525 4650 aurora
538 4601 672 4665 apparuerit
683 4601 758 4651 ilium
769 4615 870 4666 conspe·

76 4693 200 4739 clumam.
228 4688 397 4738 inconstantiae
414 4688 521 4751 arguitur
544 4688 642 4738 Achillis
662 4689 782 4752 ingenium
804 4691 829 4740 et
846 4690 871 4740 in

74 4776 163 4840 prima
177 4774 311 4836 rhapsodia
323 4779 348 4825 et
356 4775 379 4824 in
391 4775 514 4825 Precibus.

459 4919 498 4966 to.

111 5049 201 5095 Porro
215 5045 387 5096 Naustathmus
406 5048 458 5096 sire
469 5046 566 5096 navium
583 5047 664 5109 statio,
685 5061 741 5112 qum
752 5061 816 5098 nunc
830 5048 869 5098 di-

72 5132 153 5194 eitur,
176 5132 216 5180 ita
230 5131 308 5182 vicina
327 5135 364 5182 eat
378 5133 466 5183 recenti
480 5133 535 5194 llio,
557 5137 584 5182 ut
605 5134 686 5183 mirari
706 5135 790 5186 subeat
811 5137 871 5187 alte·

928 3900 997 3957 mut,
1009 3897 1052 3947 llio
1066 3900 1115 3946 tam
1128 3897 1278 3961 propinquo,
1294 3901 1407 3962 tuumque
1416 3899 1572 3960 Troianorum
1587 3900 1611 3948 ct
1622 3899 1703 3948 socio-

926 3998 980 4032 rum
998 3983 1150 4034 multitudine
1163 3984 1188 4034 in
1205 3997 1234 4034 eo
1252 3988 1363 4034 versante
1385 4005 1391 4035 τ
1412 3999 1467 4035 nam
1482 3985 1528 4035 sub
1543 3985 1589 4035 tine
1605 3985 1701 4035 demum

927 4068 983 4119 belli
1002 4069 1079 4119 iactus
1092 4072 1129 4119 est
1141 4083 1234 4129 murus,
1251 4082 1322 4131 quem
1334 4070 1473 4119 Aristoteles
1484 4069 1518 4119 alt
1529 4070 1622 4134 abipso
1634 4074 1702 4134 pocta

928 4161 955 4206 ut
968 4157 1066 4218 iactum
1086 4157 1119 4205 ita
1142 4156 1246 4206 deletum
1267 4156 1347 4205 tuisse.
1366 4156 1527 4206 Timiditatem
1544 4170 1601 4207 vero
1616 4159 1698 4219 Troja-

924 4260 1026 4305 norum.
1040 4247 1060 4297 sl
1076 4260 1146 4296 muro
1162 4245 1258 4296 demum
1273 4246 1335 4295 lacto
1351 4246 1441 4295 irruere
1454 4249 1479 4296 et
1491 4247 1630 4310 impugnare
1644 4262 1699 4298 cum

923 4347 953 4384 ac
965 4347 1039 4384 naves
1055 4333 1160 4397 aggressi
1184 4335 1252 4394 sunt,
1272 4333 1398 4383 stationem
1414 4336 1494 4383 autem
1511 4348 1580 4384 muro
1594 4335 1698 4385 nondum

923 4421 1026 4471 cinctam
1037 4422 1090 4470 ausi
1103 4433 1150 4470 non
1167 4421 1224 4469 sunt
1236 4419 1364 4478 invadere,
1383 4432 1430 4468 nou
1446 4420 1513 4482 longe
1523 4420 1641 4470 dissitam.

1291 4581 1329 4627 31.

954 4707 1055 4756 Miretur
1072 4719 1129 4756 vero
1152 4705 1253 4769 aliquis,
1273 4706 1305 4756 ait
1326 4705 1478 4768 aristoteles,
1499 4705 1563 4769 quod
1580 4721 1698 4770 nusquam

922 4792 947 4843 ln
958 4792 1032 4843 iliada
1042 4793 1176 4842 Menelaum
1189 4807 1245 4843 cum
1259 4793 1341 4858 pellice
1352 4793 1548 4844 concumbentem
1563 4796 1633 4844 iaciat
1648 4797 1699 4844 tto-

922 4893 1017 4940 merns,
1033 4880 1076 4943 qut
1092 4883 1172 4930 tamen
1192 4881 1245 4931 aliis
1261 4881 1372 4931 omnibus
1392 4883 1503 4933 mutieres
1519 4883 1613 4933 tribuit.
1632 4885 1685 4933 con

921 4967 1037 5017 cumbunt
1055 4979 1113 5016 sane
1125 4966 1188 5030 apud
1208 4967 1275 5018 illum
1294 4981 1350 5018 cum
1369 4969 1508 5020 mulieribus
1524 4957 1595 5021 etiam
1613 4983 1699 5020 senes,

922 5054 1008 5102 Nestor
1023 5054 1048 5101 et
1063 5051 1171 5102 Pboenix.
1192 5053 1243 5102 Non
1261 5051 1357 5103 luerunt
1368 5053 1431 5104 enim
1450 5055 1474 5104 bi
1487 5056 1567 5106 eliceto
1584 5069 1697 5119 corpore,

923 5138 981 5188 uitio
994 5151 1025 5189 ex
1040 5135 1139 5200 iuvenili
1156 5140 1227 5190 etate
1245 5142 1381 5202 mausus,
1395 5139 1446 5191 sive
1463 5153 1505 5203 per
1520 5139 1697 5201 temulentiam,
