4134 6134
711 411 761 470 DE
783 407 1032 471 ANIttALtttUS.

385 532 421 590 5⁵
440 532 533 610 mot·

121 671 285 752 Apollonius
305 671 413 731 llirab.
429 673 465 733 εξ
480 673 518 733 28
536 691 543 731 ι
559 671 799 752 Ἀριστοτέλης
815 673 841 730 ἐν

88 771 132 829 τοῖς
148 761 261 824 Ζωικοῐς·
284 787 295 811 κ
311 759 345 820 ‘0
360 758 449 840 ῥύπος,
464 757 552 841 φησίν,
565 763 592 819 lu
606 768 658 826 τοῖς
672 760 791 839 ὤτοιρίοις
804 783 843 840 γι-

85 849 194 928 γνόμενος
207 847 299 926 πικρὸς
316 845 363 920 ὧν,
378 847 441 906 ὅταν
454 849 578 908 τελευτᾶν
595 849 726 923 μέλλωσιν
741 849 767 906 ἐν
786 851 843 914 ταῖς

86 944 184 1016 μακραῖς
199 933 284 1001 νόσοις
298 933 393 1012 γλυκὺς
415 934 526 1014 γίνεται.
551 963 563 988 υ
577 937 664 996 Τοῦτο
683 933 728 1012 ll,
749 934 840 1016 ρησίν,

86 1021 286 1103 παριτετήρητοιι
310 1023 354 1084 ἐπὶ
374 1027 478 1084 πολλῶν
494 1024 656 1105 γιγνόμενον.
678 1023 840 1084 Ἀποδίδωκε

86 1113 109 1172 ll
122 1111 160 1170 κοιλ
168 1111 215 1182 τὴν
229 1110 314 1170 αἰτίαν
325 1117 370 1170 τοῦ
378 1112 530 1192 γιγνομένου
544 1116 571 1173 ἐν
584 1117 638 1180 τοῖς
652 1121 768 1194 φυσικοῖς
781 1135 844 1191 προ·

84 1200 217 1276 ὅλήμασιν.
235 1200 279 1258 Cl,
295 1201 384 1262 Arist.
402 1201 505 1262 Probi.
526 1201 647 1272 XXth,
671 1211 687 1270 l
705 1220 713 1261 t
730 1199 781 1260 Διὰ
795 1199 845 1259 tlh

84 1291 107 1348 tv
120 1297 167 1355 τοῖς
182 1289 233 1348 thol
259 1288 338 1369 ῥύπος
354 1290 445 1370 πικρός
467 1292 555 1362 tortu,
579 1289 597 1361 ἢ
617 1288 681 1348 διότι
696 1289 772 1368 ἱδρώς
790 1291 845 1346 ἔστι

84 1376 178 1456 σοπρός·
194 1376 264 1435 ἔστιν
280 1367 324 1436 οὗν
337 1377 454 1457 ἁλμυρὸν
470 1379 580 1460 σαπρόν,
596 1379 625 1436 τὸ
641 1378 668 1437 δὲ
681 1377 780 1456 σαπρὸν
799 1377 846 1434 ἁλ-

83 1467 153 1544 μυρὸν
167 1465 269 1546 πικρόν.

386 1609 423 1665 56
446 1607 537 1686 (29¹l·

119 1753 279 1812 liustathius
298 1753 329 1811 in
351 1752 436 1812 Iliad.
460 1773 491 1830 p.
517 1771 583 1823 117,
607 1771 644 1808 ao
669 1769 677 1811 ι
700 1750 780 1811 Ὅθεν
803 1751 848 1808 καὶ

81 1845 129 1921 ζῷα
142 1840 232 1900 δυτικὰ
246 1842 301 1920 πσῤ
316 1835 557 1917 Ἀριστοτέλει
569 1837 602 1896 τὰ
614 1841 673 1897 καθ’
686 1837 779 1906 ὕδατος
788 1838 849 1898 δυό-

80 1954 152 1990 [λίνα.

390 2049 426 2120 ⁵7
449 2049 542 2126 (²9²)-

117 2187 244 2246 uustus.
274 2189 303 2245 in
329 2186 413 2247 uiae.
437 2207 467 2263 p.
499 2188 573 2258 κει,
598 2189 634 2244 35
661 2208 667 2246 :
690 2186 769 2264 'rap
791 2189 848 2244 καθ’

77 2275 217 2350 ὁμοιότητα
236 2279 281 2333 τοῦ
307 2275 420 2344 ὄπτησον
445 2274 651 2353 ὀπτὸν-εἴρηται
678 2277 741 2355 παρ’
760 2276 849 2353 Ἀρι·

76 2363 234 2424 στυτέλεί
257 2362 303 2422 καὶ
324 2363 418 2442 ἕρπτὸν
443 2365 472 2424 τὸ
486 2363 607 2442 ἑρπετόν.
624 2365 669 2424 Cl.
693 2366 724 2423 in
741 2363 848 2440 Odyss.

78 2471 104 2528 p.
123 2449 209 2520 1502,
227 2449 263 2516 st
282 2471 289 2505 t
304 2445 378 2528 Ὅρα
392 2449 419 2507 δὲ
442 2451 475 2507 τὰ
497 2448 593 2525 ἑρπετὰ
609 2449 700 2516 ιῖιςκιιὶ
714 2451 744 2506 τὰ
767 2451 850 2528 ἕρπη-

75 2534 152 2594 στικλι
163 2535 255 2614 (corr.
273 2534 438 2615 ἑρπυστικλι),
447 2539 494 2594 οὐκ
506 2535 614 2596 ἀπὸτοῦ
628 2535 700 2616 ἕρποι
710 2535 851 2615 βαρυτόνου

74 2624 234 2704 παρηγμέυοι
249 2615 278 2683 οὗ
292 2625 449 2704 πσροὶγωγον
463 2625 494 2684 τὸ
506 2624 614 2706 ἑρπετὸν
628 2625 851 2703 κατὰἌριστο-

73 2714 187 2786 τέλην,
212 2712 271 2773 ἀλλ’
285 2712 337 2772 ἀπὸ
352 2713 554 2792 περισπωμένου
565 2711 679 2792 ἀρρήτου
701 2717 747 2772 τοῦ
764 2716 850 2790 spati,

72 2801 112 2858 ἵνα
131 2793 150 2882 ᾖ
170 2806 206 2868 ὡς
221 2805 289 2861 τελῶ
302 2800 400 2860 τελέσοι
415 2801 547 2873 τιλεστόν,
563 2801 643 2867 οὕτως
657 2802 728 2882 ἔρπῶ
752 2799 853 2880 {pulsor

70 2890 211 2968 ἑρπεστόν,
222 2889 268 2948 καὶ
277 2891 393 2970 ἐκδρομῇ
404 2895 449 2947 τοῦ
467 2915 483 2950 σ
494 2889 612 2966 ἑρπετόν.

109 2980 167 3037 Vix
190 2991 263 3056 puto
282 2991 391 3036 rectum
413 2998 475 3037 esse
495 2977 573 3054 quod
600 2979 762 3056 suspicatus
787 2991 851 3036 erat

69 3068 240 3125 Lobecliius
254 3088 282 3126 v.
308 3067 345 3126 cl.
372 3070 401 3124 in
423 3069 599 3142 Pathnlogtoe
612 3075 701 3144 grceci
720 3073 853 3124 sermons

66 3161 234 3223 elementis,
259 3169 277 3214 t.
304 3159 330 3226 1,
347 3175 374 3231 p.
391 3162 460 3227 247,
485 3154 569 3211 malis
586 3152 736 3212 codicibus
750 3155 851 3232 decep·

65 3257 126 3301 tum
152 3261 223 3300 esse
243 3241 434 3313 Eustathium,
450 3241 540 3299 immo
555 3241 632 3299 hunc
654 3253 683 3298 et
702 3261 787 3318 quem
809 3262 854 3300 su·
889 3311 892 3323 Ι

65 3353 119 3409 pra
132 3331 292 3390 attulimus
309 3331 404 3388 locum
416 3328 538 3387 eZoicis
550 3329 645 3400 duxit,
661 3329 811 3406 inquibus
826 3344 853 3388 et

64 3423 123 3479 alia
140 3420 241 3477 multa
257 3419 344 3478 luisse
362 3417 506 3476 vocabula
525 3417 563 3475 ab
575 3418 730 3476 Aristotele
746 3418 850 3490 aliena,

59 3510 123 3585 jam
150 3509 270 3567 dictum
298 3522 351 3565 est.
372 3507 457 3584 Apud
485 3506 643 3582 genuinum
668 3506 851 3564 Aristotelem

62 3599 95 3654 in
118 3597 199 3656 llist.
217 3597 273 3654 An.
286 3599 310 3666 l,
330 3616 341 3651 1
359 3609 386 3652 et
396 3595 431 3653 de
441 3593 579 3652 Partibus
597 3594 717 3654 animal.
735 3593 784 3666 lv,
804 3617 850 3664 ιο,

60 3683 233 3762 ἑρπυστικόν
247 3685 368 3759 legitur,
386 3681 493 3761 ἑρπετόν
514 3703 584 3740 vero
596 3681 702 3742 llirab.
718 3683 849 3743 Auscult.

60 3770 259 3844 c.115;1tt,
283 3791 313 3850 p.
338 3773 388 3846 96,
405 3773 451 3843 18,
471 3783 499 3828 et
517 3773 583 3841 130,
599 3790 628 3848 p.
646 3789 697 3846 99,
724 3769 759 3836 34
775 3781 802 3826 et
818 3769 853 3826 de

56 3861 236 3919 Coloribus
252 3881 277 3917 c.
293 3863 322 3931 6,
334 3861 402 3917 item
416 3860 452 3917 de
466 3859 576 3920 Mundo
590 3881 616 3918 c.
631 3881 657 3930 7.

69 4033 154 4095 κιν,
175 4033 247 4112 (us
262 4034 414 4092 intratur
431 4034 519 4093 ueri
540 4031 643 4115 zuen
659 4033 838 4112 uiusmu.)

96 4214 258 4291 Superest
289 4211 359 4268 satis
383 4229 505 4286 magnus
534 4209 762 4284 fragmentorum
792 4231 854 4268 nu-

51 4320 180 4372 merus,
198 4299 232 4356 in
242 4297 349 4375 quihus
358 4299 440 4356 varia
449 4298 485 4356 de
499 4296 675 4357 animalibus
686 4297 852 4371 traduntur,

52 4390 214 4448 sabulosa
228 4388 367 4464 pleraque
389 4399 417 4445 et
434 4387 522 4458 salsa,
547 4387 653 4463 partim
677 4387 764 4444 etiam
777 4387 856 4446 Aris·
879 4388 883 4417 ¹

44 4559 145 4620 capitis
163 4551 249 4604 tradit
269 4553 389 4616 iniungis
408 4553 499 4601 morbis
518 4565 565 4602 non
580 4552 702 4602 tabescere
721 4551 853 4602 interituris

42 4645 174 4708 aegrotis,
192 4641 240 4691 sed
252 4641 352 4690 inveniri
365 4641 389 4689 in
406 4639 578 4700 pulvinaribus,
591 4639 620 4689 ad
633 4653 688 4703 qum
702 4640 803 4692 desertis
818 4653 855 4690 ca-

44 4735 153 4796 pitihus
169 4733 326 4793 aegrotorum
337 4733 469 4778 transeant.

435 4901 437 4906 ¹
450 4845 489 4890 ει.

79 4955 254 5010 aristoteles
269 4956 294 5005 in
308 4954 384 5006 zoicis
401 4953 486 5005 sordes
505 4952 578 5004 tradit
590 4951 679 5017 quaein
695 4951 856 5002 auribusuas·

39 5053 161 5108 cuntur,
178 5057 266 5108 quum
277 5042 324 5095 sint
336 5041 441 5103 alioquin
450 5053 548 5103 amare,
560 5039 683 5090 morituris
696 5039 746 5089 fieri
755 5038 855 5089 dulces:

41 5135 130 5198 idque
147 5137 176 5184 in
187 5132 277 5182 multis
290 5145 344 5182 esse
355 5130 517 5207 observatum.
525 5131 556 5180 at
568 5141 665 5179 causm
676 5128 710 5178 rei
721 5130 820 5190 exponit
834 5127 858 5176 in

39 5223 265 5282 Qutrstiunibus
277 5221 433 5272 ualentibus.

1612 413 1668 470 185

898 531 984 590 totele
998 549 1121 609 prorsus
1137 530 1269 606 indigna,
1290 550 1354 608 quse
1366 543 1461 588 tamen
1482 530 1563 589 nullo
1583 533 1669 590 ruodo

897 620 933 678 ad
947 620 1104 678 Zoicorum
1120 617 1213 676 libros
1230 639 1255 677 rs
1263 618 1332 676 ferri
1356 631 1486 696 possunt.
1503 617 1587 680 Unde
1600 640 1670 676 rero

897 711 987 788 petita
1000 709 1069 781 sint,
1086 709 1115 767 id
1131 727 1169 766 ne
1183 706 1352 784 conjectura
1372 707 1490 783 quidem
1509 708 1580 766 satis
1592 721 1670 766 certo

898 797 1023 856 indicari
1058 809 1172 874 potest,
1206 796 1263 854 nisi
1292 795 1370 872 quod
1398 795 1467 873 jure
1495 797 1669 873 suspiceris,

899 886 1040 962 pleraque
1068 904 1127 941 non
1151 903 1188 941 ex
1211 884 1305 960 ipsius
1326 883 1490 942 Aristotelis
1515 882 1600 942 libris
1622 885 1670 942 de·

903 985 1018 1051 sumpta
1032 991 1110 1045 esse,
1126 971 1176 1030 sed
1197 991 1214 1029 e
1229 970 1411 1030 ltlirabilium
1433 973 1556 1048 quadam
1572 973 1673 1030 collec-

903 1063 994 1132 tione,
1009 1079 1100 1138 eaquc
1115 1061 1206 1118 multo
1228 1079 1314 1137 quam
1330 1081 1395 1138 quae
1412 1061 1489 1118 inter
1503 1061 1672 1139 philosophi

901 1149 996 1208 libros
1026 1161 1142 1207 seruata
1168 1162 1229 1219 est,
1255 1148 1402 1226 ampliori.
1431 1146 1474 1205 Ile
1497 1169 1566 1224 qua·
1579 1161 1673 1208 tamen

901 1257 970 1296 cave
990 1237 1117 1314 accipias
1142 1236 1220 1313 quod
1247 1237 1323 1316 apud
1347 1235 1522 1314 Stephanum
1547 1236 1617 1313 Byr.
1644 1259 1673 1298 v.

901 1325 1015 1384 Γελωνοί
1036 1325 1067 1382 in
1092 1323 1246 1382 codicibus
1269 1325 1376 1400 legitur
1399 1343 1407 1383 ι
1429 1325 1465 1389 ὡς
1489 1323 1675 1402 Ἀριστοτέλης

904 1410 1017 1490 πέμπτῳ
1047 1410 1108 1489 περὶ
1138 1408 1291 1486 θαυμασίων
1320 1410 1509 1487 ἀκουσμάτων,
1542 1410 1593 1468 ubi
1620 1433 1675 1489 prro

902 1499 1028 1577 πέμπτῳ,
1042 1498 1228 1558 scribendum
1243 1517 1305 1556 esse
1316 1500 1342 1556 ἰν
1357 1501 1395 1577 τῷ
1406 1502 1514 1576 optime
1529 1501 1677 1576 perspexit

904 1608 933 1647 v.
957 1590 990 1644 cl.
1008 1585 1041 1643 E.
1061 1585 1167 1657 Miller,
1182 1589 1303 1642 Journal
1323 1589 1374 1641 des·
1392 1587 1521 1657 Sarants,
1537 1605 1565 1644 a.
1590 1587 1674 1657 1840,

904 1695 933 1753 p.
956 1685 984 1740 t..
1001 1679 1081 1732 Patet
1094 1673 1301 1750 igiturhorum
1317 1674 1448 1731 omnium
1466 1673 1594 1731 locorum
1618 1694 1676 1732 non

904 1761 1042 1840 majorem
1065 1780 1129 1819 esse
1154 1752 1352 1818 auctoritatem
1374 1779 1459 1837 quant
1488 1761 1574 1817 totius
1592 1761 1677 1818 istius

905 1851 1082 1926 farraginis,
1097 1869 1163 1927 quae
1171 1847 1351 1908 Mirabilium
1365 1848 1613 1906 Auscultationum
1628 1868 1678 1906 no·

904 1939 983 1996 mine
1009 1936 1194 2009 inscribitur,
1209 1939 1240 1995 in
1262 1957 1320 2015 qua
1335 1939 1386 1994 etsi
1405 1935 1535 2013 quaedam
1557 1937 1676 1995 latente

904 2027 1041 2102 genuinis
1049 2026 1134 2084 libris
1147 2025 1316 2104 philosophi
1325 2038 1471 2099 excerpta,
1485 2026 1570 2102 plura
1582 2039 1677 2082 tamen

903 2114 993 2172 dubia
1008 2127 1086 2185 sunt,
1103 2114 1243 2172 nonnulla
1257 2115 1343 2172 etiam
1359 2113 1509 2170 manifesto
1522 2127 1586 2188 post
1597 2114 1677 2171 Aris-

903 2206 999 2264 totelis
1011 2219 1122 2264 aetatem
1134 2205 1300 2282 conscripta
1314 2206 1361 2276 (cl.
1373 2204 1586 2274 ll'esternrann,
1603 2225 1678 2282 prae-

905 2295 951 2350 sat.
966 2295 997 2351 in
1009 2295 1264 2371 Paradoaograplr.
1278 2291 1413 2371 pxxvt.
1428 2292 1597 2368 Quanquam
1609 2312 1679 2349 rero

905 2381 946 2438 itu
970 2382 1054 2439 facile
1074 2381 1138 2439 lieri
1160 2381 1274 2458 potuit,
1291 2393 1333 2456 ut,
1350 2399 1415 2456 quse
1438 2380 1561 2436 aliorum
1584 2392 1677 2450 erant,

906 2468 1057 2526 Aristoteli
1078 2467 1293 2538 tribuerentur,
1313 2466 1416 2525 dubito
1438 2479 1533 2523 tamen
1552 2486 1588 2523 an
1611 2469 1680 2524 satis

908 2555 1001 2613 sirmis
1015 2555 1193 2630 argumentis
1212 2554 1333 2633 probari
1348 2554 1451 2634 possit,
1473 2554 1503 2612 id
1531 2555 1609 2631 quod
1625 2555 1680 2612 llu-

906 2642 967 2700 sius
981 2641 1039 2700 sibi
1054 2644 1208 2720 persuasit,
1224 2644 1255 2700 in
1270 2643 1349 2700 hisce
1365 2641 1502 2699 orunibus
1513 2643 1679 2700 Aristotelis

907 2742 935 2787 et
946 2729 1140 2806 Theophrasti
1154 2731 1275 2787 nomina
1290 2729 1400 2805 ubique
1415 2730 1536 2787 contusa
1550 2748 1623 2801 esse,
1642 2730 1681 2787 ita

907 2831 938 2874 ut
964 2820 1062 2894 potius
1086 2818 1163 2874 inter
1194 2816 1478 2894 Theophrasteorum
1506 2816 1680 2893 scriptorum

908 2903 1048 2980 reliquias
1072 2904 1134 2961 haec
1158 2904 1316 2979 fragmenta
1339 2903 1505 2979 reponenda
1521 2917 1625 2961 essent.
1641 2903 1681 2961 Ne

907 2991 984 3047 enim
995 2990 1067 3048 illud
1078 3004 1188 3050 tantum
1198 2992 1285 3048 morlo
1296 2989 1447 3068 objiciam,
1456 2989 1642 3049 Aristotelem
1652 3006 1681 3049 et

907 3079 1140 3156 Theophrastum
1163 3079 1308 3137 interdum
1323 3078 1499 3156 conjunctim
1514 3078 1676 3148 nominari,

909 3179 941 3224 ut
964 3168 1042 3244 apud
1063 3181 1208 3226 auctorent
1231 3167 1464 3243 Geopouicorum
1481 3164 1531 3241 (cl.
1555 3165 1633 3222 inira
1648 3166 1681 3224 ir.

909 3256 947 3326 7),
973 3255 1081 3311 nullam
1113 3256 1199 3313 video
1223 3271 1353 3319 calisam,
1370 3275 1423 3311 cur
1437 3273 1495 3312 nou
1516 3253 1607 3312 multa
1630 3272 1682 3310 eo-

907 3347 971 3396 runi
987 3341 1122 3417 quaejam
1137 3340 1316 3408 Aristoteles,
1333 3341 1397 3396 sire
1410 3359 1507 3416 verus,
1521 3340 1584 3398 sive
1595 3338 1683 3398 salsus

909 3441 1095 3500 narraverat,
1124 3449 1141 3485 a
1176 3427 1379 3506 Theophrasto
1407 3446 1524 3505 quoque
1556 3428 1587 3485 in
1613 3446 1680 3486 suas

907 3515 1092 3574 collectiones
1107 3518 1208 3574 reterri
1226 3518 1385 3595 potuerint.
1399 3516 1499 3593 Neque
1512 3515 1586 3573 illud
1604 3535 1683 3593 prae-

908 3602 1077 3661 tereundum
1109 3617 1167 3671 est,
1194 3604 1263 3661 satis
1286 3623 1417 3680 magnam
1438 3604 1558 3662 fortasse
1572 3617 1682 3682 partem

907 3688 1006 3748 talium
1027 3690 1208 3750 mirabilium
1223 3711 1240 3749 a
1255 3689 1468 3766 posterioribus
1491 3710 1527 3748 ex
1541 3708 1630 3767 opere
1648 3693 1684 3748 de

908 3778 1004 3837 liebus
1021 3778 1149 3856 publicis
1165 3792 1193 3837 et
1210 3778 1383 3836 eNomimis
1401 3776 1535 3835 barbaris
1550 3790 1685 3853 excerpta

909 3867 1007 3927 luisse.
1026 3868 1069 3926 De
1083 3868 1137 3926 hac
1156 3887 1226 3925 vero
1241 3887 1272 3924 re
1287 3865 1422 3944 pluribus
1436 3865 1512 3923 iufra
1523 3864 1681 3922 videndum

910 3955 977 4014 erit.

949 4041 1045 4100 Locos
1056 4043 1162 4101 AEliani
1177 4042 1214 4100 de
1232 4042 1296 4099 Nat.
1311 4039 1429 4099 animal.
1443 4038 1479 4107 V,
1505 4046 1538 4104 rt
1554 4051 1583 4095 et
1596 4039 1683 4096 Anti·

911 4130 980 4203 goni
998 4129 1127 4188 ltlirabil.
1151 4151 1177 4189 c.
1200 4150 1238 4187 ao
1255 4141 1284 4186 et
1304 4129 1356 4196 ab,
1372 4127 1422 4203 qui
1445 4138 1513 4184 sunt
1527 4125 1685 4199 fragmenta

912 4217 981 4288 317,
1005 4218 1072 4289 322,
1099 4219 1155 4275 323
1178 4216 1254 4294 apud
1281 4215 1419 4283 hosium,
1444 4211 1685 4290 insequentibus

911 4305 1046 4363 consulto
1078 4305 1247 4380 omisimus,
1278 4321 1368 4380 quum
1396 4301 1499 4360 iisdem
1523 4299 1622 4359 verbis
1646 4301 1685 4358 le-

913 4403 1018 4466 gantur
1032 4390 1064 4448 in
1080 4390 1209 4449 Alirabil.
1225 4389 1356 4448 Auscult.
1371 4409 1397 4446 c.
1414 4388 1461 4458 25,
1476 4389 1524 4458 30,
1537 4388 1583 4446 66.

1282 4561 1319 4605 56.

941 4670 1057 4720 Animalia
1068 4671 1151 4720 ὀυτικὰ
1166 4629 1387 4732 apudrtrisloletem
1401 4669 1582 4730 vocanturque
1598 4678 1684 4730 aquam

910 4758 1021 4808 subeunt.

1279 4876 1317 4922 57.

942 4986 1010 5050 Apud
1027 4986 1179 5037 Aristotelem
1192 4985 1275 5048 ίρκτὸν
1295 4983 1327 5046 (i
1345 4997 1368 5034 e.
1382 4984 1494 5048 repttle)
1508 4988 1609 5034 vocatur
1621 4981 1685 5046 quod

911 5076 966 5131 alibi
980 5075 1084 5140 ἑρπετόν.
