4134 6134
319 405 377 464 lto
858 395 1104 458 ARISTOTELIS
1127 397 1374 461 FRAGMENTA.
1410 467 1411 470 γ

317 533 353 594 τά
366 533 394 592 δί
406 532 438 592 δι’
452 530 601 608 ἐπιστήμην
611 527 682 587 ates
692 526 773 586 οίκίαι
783 527 829 585 καὶ
841 529 870 585 αί
881 532 941 600 νῆις
954 528 998 586 καὶ
1007 527 1096 587 πάντα
1152 531 1209 604 ἥτι
1222 534 1274 590 τῶν
1283 531 1470 614 χαλκωμάτων
1483 533 1530 592 καὶ
1541 535 1592 594 τῶν
1605 536 1721 613 ἱματίων
1732 537 1834 606 πλύσις
1847 541 1937 600 καὶτά
2015 571 2016 608 3

318 620 352 680 τὶι
367 617 536 693 τοιαῦτα,τά
556 617 584 676 al
601 614 645 675 διά
658 613 735 697 ράαιν
749 605 804 674 οἶον
819 617 844 675 οἱ
859 615 990 697 ἅνθρωποι
1002 615 1049 676 καὶ
1063 615 1098 676 τά
1151 623 1270 682 τοιαῦτα.
2015 609 2016 634 ’

320 707 414 788 δένδρα
426 707 472 766 καὶ
492 704 525 766 ud
542 707 598 786 ζῷα
610 703 715 777 πάντα,
731 700 774 762 dcl
796 700 824 761 δὶ
839 703 899 783 βίαν
910 703 956 763 καὶ
979 702 1096 782 ἀνάγκην
1192 705 1277 770 LXV.
1294 707 1366 769 Cod.
1381 709 1472 770 Marc.
1487 710 1523 783 57
1537 729 1545 771 ἕ
1563 713 1625 772 Τῶν
1637 717 1728 772 κακῶν
1741 714 1876 792 ὁμοιότης
1888 721 1938 778 τῶν

320 787 373 858 οἷον
387 799 415 854 αἱ
429 797 481 852 τῶν
496 791 598 873 ἀλόγων
617 790 691 873 ζῴων
703 790 832 866 δαμάσαι
851 789 896 849 καὶ
914 793 942 848 αἱ
956 789 1098 871 κρατήσεις
1151 796 1212 877 περὶ
1223 795 1365 877 flemis
1377 797 1462 858 καὶτὸ
1474 801 1552 876 σῶμα
1563 799 1609 858 καὶ
1622 803 1674 859 τῶν
1686 801 1760 870 ἐκτός
1772 804 1851 862 ἐστιν
1863 807 1938 882 αὕτη.

317 886 362 946 καὶ
373 886 522 943 δεσποττῖαι
536 881 582 940 καὶ
591 879 740 962 τυραννίδες
750 879 795 938 καὶ
808 879 842 937 τά
855 883 975 940 τοιαῦτα.
1152 883 1199 943 Ἐν
1221 889 1254 966 τῇ
1276 889 1350 967 ψυχῇ
1365 886 1412 963 μίν
1433 888 1502 946 ἔστιν
1519 887 1608 947 ἀδικία
1627 889 1742 950 κάκιστα
1771 891 1824 963 τὴν
1850 895 1938 976 ψυχὴν

359 972 454 1032 Lxll.
469 972 541 1030 Cod.
554 971 643 1029 liare.
657 979 695 1047 49
709 989 717 1028 ι
730 971 877 1050 Διαιρεῖται
886 968 917 1028 τδ
932 971 1099 1049 ψιοδολογιῖν
1152 972 1314 1047 διατιθιῖσα,
1329 977 1356 1034 ἰν
1369 974 1396 1034 δὶ
1406 979 1444 1055 τῷ
1456 974 1562 1053 σιὀριατι
1571 975 1643 1044 νόσος
1654 977 1772 1038 κάκιστα
1787 981 1938 1042 διατιθεῖσα

317 1066 354 1130 tt<
363 1062 488 1140 τέσσαρα·
499 1060 555 1120 ἔστι
564 1057 615 1138 γάρ
627 1061 706 1116 αὐτοῦ
714 1056 742 1115 ἓν
756 1055 803 1134 μὲν
818 1058 844 1115 ἐν
857 1057 950 1136 [del]
960 1058 1099 1138 ἀλαζονείᾳ
1152 1065 1183 1122 τθ
1196 1064 1291 1140 σῶμα,
1307 1067 1334 1124 ἐν
1348 1065 1376 1126 δὲ
1390 1065 1443 1133 τοῖς
1454 1063 1528 1132 ἀκτὶς
1540 1065 1638 1147 ἀτυχία
1653 1066 1771 1126 κάκιστα
1785 1070 1937 1130 διατιθεῖτα

317 1150 430 1231 [-·ιεία],
444 1149 472 1208 ἓν
488 1147 515 1207 δὲ
529 1145 663 1228 εἰρωνεία,
673 1144 700 1204 ίν
713 1144 741 1204 δὲ
754 1145 929 1226 κερτόμησις,
948 1145 976 1203 ἓν
986 1146 1014 1204 δὲ
1030 1148 1097 1227 ψευ-
1152 1149 1200 1218 τάς
1214 1151 1287 1219 ἀκτδς
1301 1152 1483 1234 πράξεις··καὶ
1495 1152 1579 1234 ταύτῃ
1591 1154 1758 1234 λαμάάνεται
1777 1162 1796 1229 ἡ
1811 1161 1940 1236 ὁμοιότης

317 1238 424 1319 δολογία
436 1261 474 1304 τις
491 1236 559 1313 perd
582 1234 695 1315 βλάάης.
711 1232 746 1294 Ὁ
761 1233 809 1312 μὲν
821 1224 865 1292 οθν
880 1234 1098 1311 ἀλαζονευόμενος
1152 1240 1204 1296 τῶν
1218 1243 1306 1300 κακῶν
1320 1242 1429 1302 τούτων.
1446 1239 1500 1303 Καὶ
1513 1241 1594 1302 πάλιν
1603 1246 1629 1303 ἀν
1644 1245 1692 1321 μὲν
1711 1247 1790 1326 ψυχῇ
1798 1247 1938 1326 ἀφροσύνη

317 1333 361 1390 ἐπὶ
371 1332 459 1389 πλεῖον
475 1327 520 1386 καὶ
532 1329 620 1403 μεῖζον
627 1324 760 1406 ψεάδεται·
767 1323 941 1405 προσποιητὸς
953 1322 1004 1403 γάρ
1014 1325 1096 1397 tortu,
1153 1328 1287 1408 ἀρρωστία
1301 1329 1340 1398 τίς
1352 1333 1408 1391 ἔστι
1422 1333 1468 1391 καὶ
1483 1332 1618 1412 ἀλογιστία
1633 1335 1734 1415 ψυχῆς,
1748 1338 1778 1394 ἐν
1789 1335 1818 1398 δί
1833 1335 1940 1412 σώματι

316 1423 332 1480 δ
343 1422 389 1480 οὐκ
397 1408 466 1478 οίδεν
476 1416 573 1476 εἰδέναι
580 1415 661 1475 θίλων
671 1413 716 1472 καὶ
728 1412 795 1491 άπερ
804 1413 851 1470 οὐκ
859 1411 916 1491 ἔχει
929 1412 1010 1490 ἔχειν.
1021 1412 1056 1472 ‘O
1071 1411 1099 1472 δὶ
1153 1415 1262 1496 καχεξία
1274 1419 1408 1500 ἀρρωστία
1425 1420 1512 1499 ίοτίν,
1525 1425 1552 1481 ἐν
1564 1420 1591 1480 al
1606 1431 1659 1490 τοῖς
1670 1426 1744 1492 ἐκτὸς
1754 1423 1864 1494 ἀδοξία·
1875 1449 1940 1506 πρυ-

317 1509 515 1589 εἰρωνευόμενος
522 1504 600 1565 ίπὶτθ
607 1505 714 1564 ἔλαττον
722 1502 854 1583 ψεύδεται·
862 1499 880 1559 δ
885 1501 971 1582 τιγάρ
977 1501 1099 1570 πλούσιος
1153 1505 1321 1583 πηλακισμδν
1332 1507 1383 1589 γάρ
1395 1509 1441 1569 καί
1454 1510 1600 1590 ἀρρωστίαν
1614 1511 1660 1570 καὶ
1670 1511 1815 1593 ὀλιγωρίαν
1831 1515 1898 1594 περὶ
1910 1515 1940 1574 sd

318 1602 400 1675 πίνης
415 1602 493 1684 ρησὶν
506 1590 574 1660 εἶναι
593 1598 639 1660 ilo
659 1596 843 1678 εἰρωνεύηται,
864 1597 910 1656 καὶ
924 1603 937 1656 ὁ
952 1597 1029 1678 σορὸς
1050 1597 1098 1656 οὐκ
1153 1593 1223 1654 ἀλλα
1234 1592 1292 1654 τινὶ
1306 1599 1409 1673 ἀμποιεῖ
1418 1607 1475 1664 ταῖς
1484 1597 1556 1666 ἐκτὸς
1569 1597 1688 1679 πράξεσι·
1700 1599 1846 1681 καὶταύτῃ
1860 1601 1938 1660 πάλιν

322 1683 385 1751 εἶναι
401 1690 489 1772 σορός.
506 1687 540 1750 Ὁ
556 1686 583 1746 al
595 1689 622 1745 ίν
635 1689 674 1767 τῷ
687 1693 823 1764 κερτομεῖν
842 1687 1008 1767 ψευδολογῶν
1028 1683 1097 1763 μετίι
1152 1681 1318 1759 λαμάάνεται
1329 1688 1379 1743 τῶν
1390 1689 1479 1744 κακῶν
1492 1687 1591 1746 τούτων
1605 1691 1622 1758 ἡ
1637 1687 1770 1765 ὁμοιότης.
1786 1691 1845 1748 Καὶ
1860 1691 1939 1750 πάλιν

319 1785 366 1841 ταῶ
389 1779 520 1838 σκώπτειν
543 1767 596 1838 οἷον
609 1775 641 1836 τὸ
662 1778 791 1846 ἡττᾶσθαι
809 1783 915 1853 κρατεῖν
931 1773 949 1846 ἢ
967 1773 1050 1834 καλὸν
1067 1774 1097 1834 τὸ
1153 1773 1180 1830 ίν
1201 1772 1249 1848 μὶν
1269 1775 1342 1854 ψυχῇ
1365 1771 1449 1833 δειλία
1471 1765 1537 1834 adea
1558 1776 1737 1849 ἀκαληκτικάς
1754 1776 1804 1835 καὶ
1828 1778 1937 1836 πάντων

318 1867 400 1928 κακὸν
424 1865 455 1926 λε’
471 1889 508 1925 ων
532 1863 579 1923 καὶ
601 1863 679 1945 σορὸν
700 1862 730 1922 sd
751 1860 923 1939 ἀπαίδευτον,
944 1864 959 1920 θ
977 1863 1005 1922 δὲ
1029 1861 1097 1939 μετά
1151 1858 1245 1931 ἥττους
1257 1863 1309 1918 τῶν
1324 1859 1412 1941 ράάωυ
1423 1862 1619 1942 παρασκευάζει
1628 1863 1674 1931 τὶις
1682 1863 1787 1945 ψυχάς,
1802 1864 1871 1923 ἐνδὲ
1883 1865 1937 1923 τῶ·

321 1955 423 2034 βλάάης
437 1889 491 2014 (τῶν
505 1952 566 2011 6τά
580 1951 665 2032 ψευδῆ
684 1955 824 2031 μαρτυρῶν
838 1950 884 2010 καὶ
899 1948 1098 2030 ἀπαρνοάμενος
1152 1947 1347 2024 ματιάσθὲνεια
1358 1948 1463 2009 πάντων
1475 1953 1527 2008 τῶν
1536 1949 1621 2009 πόνων
1634 1955 1764 2023 ἡττᾶσθαι
1775 1951 1811 2010 τά
1823 1953 1939 2029 σώματα

317 2045 363 2102 καὶ
374 2043 459 2102 τᾶλλα
472 2042 506 2102 κά
519 2045 638 2101 τοιαῦτα.
1152 2036 1364 2116 παρασκευάζει,
1387 2039 1414 2097 ἐν
1432 2037 1460 2098 al
1474 2042 1527 2106 τοῖς
1545 2037 1617 2106 ἐκτὸς
1638 2039 1726 2119 ἐχθροὶ
1749 2038 1826 2107 ὄντες
1840 2044 1937 2112 ἀσθενῆ

359 2132 463 2192 Lxlll.
479 2130 551 2190 cod.
565 2130 656 2188 Marc.
675 2130 713 2188 50
729 2147 738 2186 ι
753 2132 903 2206 Διαιρεῖται
914 2131 928 2185 δ
939 2126 1098 2207 ψευδόμενος
1151 2125 1213 2205 περὶ
1223 2123 1270 2193 τὰς
1284 2124 1357 2193 ἐκτὸς
1377 2125 1481 2206 πράξεις
1498 2125 1543 2186 καὶ
1561 2126 1789 2209 εὐκαταφρόνητον
1806 2135 1937 2188 ποιοῦσιν·

317 2223 353 2288 τίς
367 2221 421 2279 δύο·
435 2223 450 2279 δ
466 2219 515 2298 μὶν
526 2217 578 2297 γάρ
598 2215 666 2276 ἑκὼν
677 2216 800 2296 ψεάδεται
810 2218 843 2286 ,ὁ
862 2214 890 2273 δὶ
904 2214 984 2274 ἄκων.
998 2213 1033 2274 Ὁ
1049 2214 1096 2293 μὶν
1151 2201 1173 2293 ᾧ
1187 2212 1238 2293 γάρ
1247 2213 1411 2274 πολλοίείσιν
1421 2215 1508 2296 ἐχθροὶ
1519 2214 1592 2276 odilo
1603 2215 1687 2298 τούτῳ
1698 2215 1795 2297 ῥηιδίως
1808 2216 1938 2297 ὑπάρχει.

317 2299 362 2368 οθν
373 2307 440 2367 ἑκὼν
453 2308 612 2389 ψευδόμενος
624 2305 743 2385 ἐξαπατᾷ
754 2303 826 2370 τινάς
836 2305 881 2362 καὶ
893 2303 979 2371 άλλως
991 2304 1096 2378 ἀπάτην
1152 2303 1208 2364 Καὶ
1231 2303 1300 2362 ἔστιν
1320 2308 1337 2376 ἡ
1360 2303 1408 2380 μὶν
1434 2303 1517 2364 δειλία
1541 2306 1568 2363 ἀν
1591 2303 1665 2386 ρόὸιρ
1692 2305 1938 2388 εὐκαταφρονήτους

319 2401 437 2477 ἐμποιεῖ,
458 2401 472 2456 δ
494 2393 522 2455 δί
537 2395 609 2455 άκων
626 2392 784 2475 ψευδόμενος
803 2393 881 2461 αὐτὸς
900 2391 1097 2470 ἐξηπατημένος
1151 2397 1276 2462 ποιοῦσα,
1292 2391 1352 2464 ἡδί
1368 2392 1529 2453 dectracto
1545 2392 1633 2461 πόνοις
1651 2395 1885 2475 ιθκαταρράνητον
1908 2395 1937 2452 sir

318 2486 441 2564 ψεύδεται
456 2483 509 2542 ἀπὸ
523 2487 570 2556 τῆς
583 2483 610 2541 ίν
621 2484 693 2562 αὐτῷ
706 2481 812 2554 ἀπάτης
824 2480 914 2554 οὔσης.
1151 2483 1230 2556 σῶμα
1244 2481 1351 2554 nonnisi]
1367 2478 1394 2538 al
1404 2481 1485 2561 ἔχθρα
1499 2482 1525 2539 ἐν
1540 2480 1650 2561 πράξεσι
1663 2489 1721 2550 ταῖς
1734 2481 1761 2540 ἐν
1775 2482 1836 2564 βίην
1850 2483 1910 2543 Καὶ
1922 2488 1938 2553 i,

360 2573 460 2633 lxlv.
476 2571 551 2632 cod.
564 2571 653 2630 Marc
671 2571 708 2642 54
726 2574 894 2651 τΔιαιρεῖται
907 2573 921 2628 ὁ
932 2568 1096 2648 καθαρισμδς
1152 2567 1200 2645 μὶν
1225 2567 1326 2628 ἀσωτία
1347 2567 1393 2628 καὶ
1416 2568 1546 2629 ἀκολασία
1565 2569 1678 2715 αἰσχράν
1702 2568 1750 2643 τλυ
1772 2571 1866 2653 ψυχὴν
1892 2573 1937 2631 καὶ

319 2662 365 2720 καὶ
383 2666 399 2732 ἡ
413 2658 539 2739 κάθαρσις
553 2661 590 2725 είς
603 2658 673 2738 τρία·
685 2658 741 2718 ἔστι
755 2657 807 2738 γάρ
818 2660 903 2717 αὐτῶν
913 2656 941 2715 ἓν
949 2656 997 2734 μὲν
1009 2657 1094 2738 νόμῳ,

318 2750 345 2808 ἓν
367 2749 394 2808 δὲ
409 2748 499 2830 φύσει,
513 2746 542 2805 ἓν
564 2747 592 2806 δὲ
605 2744 686 2827 τέχνη
707 2746 752 2806 καὶ
771 2746 919 2826 πράγματι.
940 2745 1025 2826 Νόμῳ
1048 2745 1095 2822 μὶν

318 2828 363 2898 οθν
375 2837 431 2898 ἐστὶ
445 2835 581 2914 καθαρμὸς
595 2824 649 2893 οἷον
662 2833 679 2892 ὅ
691 2857 721 2893 τε
731 2839 777 2894 τοῦ
787 2832 861 2914 άίρος
871 2832 935 2892 δταν
947 2833 1095 2894 ἀποκαθαί·

1152 2655 1267 2734 ἀκοσμον
1285 2656 1495 2736 παρασκευάζιι,
1514 2656 1545 2716 τθ
1567 2657 1594 2718 al
1613 2684 1630 2717 α
1643 2682 1706 2738 οχος
1728 2661 1757 2718 ἐν
1776 2659 1889 2739 σώματι
1910 2659 1938 2720 δι

1152 2743 1259 2825 αίσχρθν
1274 2743 1304 2804 τδ
1328 2749 1406 2823 σῶμα
1424 2746 1470 2806 καὶ
1492 2747 1607 2824 ἄκοσμον
1626 2750 1838 2827 παρασκευάζει,
1862 2755 1883 2820 ἡ
1913 2749 1939 2807 δὲ

1150 2833 1228 2892 πενία
1235 2823 1379 2900 ίκτδςοθσα
1390 2834 1499 2914 αὶσχρδν
1508 2835 1594 2913 [riui]
1607 2833 1664 2915 βίον
1674 2837 1878 2916 παρασκευάζει·
1889 2836 1938 2894 καὶ

318 2948 394 3006 ρηται
408 2925 453 2984 καὶ
465 2920 528 2981 ὅταν
540 2923 575 2983 τά
586 2923 669 2982 ὕδατα
680 2913 732 2983 ῶσι
740 2921 844 3003 καθαρθ
856 2922 902 2981 καὶ
916 2920 949 2982 τά
962 2920 1093 3002 βρώματα

317 3015 362 3076 καὶ
376 3015 463 3073 πάντα
475 3013 509 3072 τά
521 3018 631 3073 τοιαῦτα
689 3012 770 3093 τέχνη
786 3012 870 3072 δὲκαὶ
884 3011 1022 3091 πράγματι
1043 3001 1096 3070 οἷον

317 3207 443 3256 brutorum
462 3204 601 3253 animalium
623 3202 780 3263 domitianas,
800 3203 964 3264 subactiones,
987 3201 1097 3252 domina·

317 3296 406 3352 tiones,
418 3291 535 3355 tyrannim
548 3293 573 3341 ct
583 3291 647 3342 talia.

349 3381 421 3430 thll.
435 3379 505 3429 Falsa
516 3378 608 3430 dicendi
619 3380 733 3441 quattuor
745 3383 801 3429 sunt
815 3393 901 3442 genem
917 3398 923 3428 ι
943 3392 1018 3428 unum
1032 3379 1096 3429 enim

318 3468 388 3519 estin
396 3467 522 3530 jactantia,
532 3467 634 3517 alterum
645 3467 670 3516 in
682 3466 878 3526 dissimulatione,
886 3467 983 3517 tertium
996 3469 1034 3518 est
1045 3467 1096 3516 irri-

319 3555 370 3619 sio,
386 3561 500 3618 quartum
513 3554 665 3605 mendacium
684 3555 797 3604 damnum
814 3555 909 3617 aliquod
927 3555 1039 3605 adorem.
1051 3557 1097 3612 Qui

321 3656 347 3693 se
355 3642 429 3705 jactat
440 3642 555 3693 mentitur
564 3642 632 3706 plora
643 3644 667 3692 et
677 3641 766 3703 maiora
775 3641 857 3691 dicens
871 3661 877 3690 ι
891 3642 986 3690 simulat
997 3643 1061 3692 enim
1070 3655 1098 3692 en

318 3731 381 3782 scire
391 3744 419 3782 se
432 3731 556 3781 affirmans
567 3743 623 3796 qum
632 3731 708 3781 nescit
718 3733 743 3781 et
757 3744 785 3781 ea
793 3731 881 3780 habere
892 3745 947 3794 qum
956 3745 1004 3781 non
1016 3731 1095 3782 habet

318 3819 365 3876 Qui
381 3818 519 3869 dissimulat
531 3818 645 3870 mentitur
665 3817 795 3867 minuendo
814 3838 820 3868 ι
840 3818 907 3868 diras
925 3817 988 3867 enim
1002 3817 1060 3867 dicit
1071 3831 1098 3868 se

317 3920 446 3970 pauperem
458 3919 513 3958 csse
529 3920 605 3970 ηοιιτο
618 3905 767 3967 dissimulat,
784 3908 878 3970 sapiens
890 3919 916 3956 se
929 3919 977 3956 nou
991 3919 1045 3956 csse
1058 3919 1097 3956 sa·

317 3998 429 4059 pienlcm.
448 3995 495 4052 Qui
514 3993 628 4045 mentitur
640 3993 743 4043 irridens
760 3993 886 4043 cavillator
902 4007 976 4056 quum
989 3994 1097 4056 superari

318 4083 414 4134 vincere
432 4083 548 4147 appellet,
561 4081 625 4146 quod
642 4081 769 4145 pulchrum
785 4085 835 4141 est,
853 4082 957 4143 malum,
976 4080 1040 4145 quod
1057 4095 1097 4131 sa·

317 4171 384 4233 piens
401 4171 523 4222 indoctum
541 4171 599 4234 :qui
614 4169 730 4219 damnose
743 4170 857 4219 mentitur
872 4170 892 4220 is
907 4171 995 4232 estqui
1010 4170 1096 4221 laisum

317 4262 428 4322 testatur,
439 4260 480 4322 qui
496 4259 597 4322 denegat
607 4261 632 4308 ct
644 4258 691 4306 alia
701 4258 757 4307 talla
767 4257 831 4308 lacit.

348 4348 433 4396 Litlll.
451 4349 506 4396 Duo
520 4349 577 4396 sunt
592 4360 680 4410 genera
698 4358 782 4396 eorum
804 4345 844 4408 qui
866 4344 924 4395 laisa
944 4345 1073 4409 Ιοηυοιιίοτ
1088 4362 1095 4395 ι

319 4435 370 4482 sire
381 4434 445 4482 enim
455 4436 577 4485 voluntate
587 4436 640 4485 sire
650 4434 719 4484 inriti
731 4433 829 4483 iaciunt.
862 4433 911 4490 Qui
926 4437 1011 4495 sponte
1025 4446 1094 4483 men-

318 4521 376 4569 titur
387 4521 503 4582 quosdam
515 4522 603 4585 decipit
615 4525 640 4572 et
652 4523 721 4573 aliter
732 4521 838 4571 imudem
851 4520 918 4583 lacit;
930 4519 971 4583 qui
989 4533 1047 4570 reru
1058 4521 1095 4570 iu·

319 4609 382 4658 viius
393 4623 467 4670 quum
482 4610 534 4671 lpse
545 4610 660 4674 deceptus
672 4611 703 4661 sit
717 4609 776 4659 laisa
787 4609 892 4671 loquitur
906 4609 938 4658 ob
953 4621 1059 4658 errorem
1071 4609 1095 4658 in

318 4711 367 4760 quo
379 4698 430 4758 ipse
444 4700 560 4747 versatur.

348 4787 432 4835 Llllv.
453 4784 589 4835 purificatio
598 4788 623 4837 et
639 4787 747 4850 purgatio
756 4788 780 4837 in
789 4787 835 4836 tria
847 4784 985 4835 dividuntor
998 4799 1094 4849 genera.

317 4875 396 4922 Unum
412 4873 476 4922 cuim
494 4872 521 4922 tii
533 4874 597 4936 lege,
611 4874 712 4924 alterum
726 4877 824 4935 natura,
840 4873 936 4923 tertium
950 4875 1002 4922 arte
1016 4874 1041 4923 et
1058 4887 1093 4922 re.

317 4960 452 5010 redduco
463 4962 514 5025 lege
524 4960 553 5011 iit
568 4962 596 5011 nt
608 4975 682 5024 quum
700 4975 741 5011 aer
752 4962 890 5026 purillcatur
903 4964 928 5011 ei
938 4975 1013 5025 quum
1032 4973 1094 5024 aqua

316 5050 341 5097 et
356 5047 402 5097 cibi
418 5051 443 5098 ct
460 5048 541 5097 omnia
556 5046 613 5098 talla
633 5060 694 5110 pura
714 5051 770 5098 sunt
771 5082 817 5098 .....
835 5050 887 5097 arte
902 5051 926 5097 et
945 5061 972 5097 re
989 5047 1015 5096 ut
1031 5059 1094 5096 eara-

315 5139 449 5186 mentorom
461 5140 486 5187 ct
500 5137 602 5187 vestium
614 5135 673 5186 lotio
684 5137 708 5184 el
721 5136 784 5184 lolia.

347 5230 417 5277 LXV.
440 5230 555 5278 llolorum
576 5225 707 5278 similitudo
719 5239 773 5289 qma
785 5226 814 5274 ad
827 5226 934 5275 animum
951 5229 975 5274 ct
989 5237 1044 5287 ηοω
1063 5223 1092 5273 ad

1151 2921 1234 2998 ταύτῃ
1249 2921 1413 2998 λαμδάνεται
1428 2925 1480 2982 τῶν
1498 2925 1587 2982 κακῶν
1601 2923 1700 2984 τούτων
1713 2929 1728 2994 ἡ
1740 2923 1873 3002 ίμοιθι-ης.

1192 3008 1375 3070 LXVl.Cod.
1400 3010 1490 3074 Marc.
1516 3011 1577 3090 59:
1604 3015 1785 3090 Διαιρεῖταιῆ
1808 3011 1936 3082 ἄποὸολιὶ,

1151 3212 1240 3262 corpus
1261 3199 1381 3264 pertinent
1404 3213 1491 3264 quaere
1510 3201 1659 3253 extrinsecus
1678 3206 1735 3254 aunt
1764 3202 1821 3254 hac
1842 3208 1889 3255 est.
1911 3209 1936 3256 ln

1151 3286 1234 3337 animo
1263 3287 1378 3350 injustitia
1403 3288 1508 3352 pessime
1530 3289 1638 3340 animum
1665 3290 1753 3353 elicit,
1780 3291 1806 3341 in
1837 3307 1935 3358 corpore

1152 3375 1265 3432 morbus.
1277 3374 1302 3426 ia
1316 3375 1345 3426 iis
1356 3388 1411 3439 ηυαι
1421 3377 1571 3428 extrinsecus
1583 3379 1639 3428 aunt
1655 3378 1719 3428 mala
1730 3378 1831 3430 tortum
1843 3399 1850 3434 ε
1869 3385 1893 3432 et
1905 3383 1935 3432 iis

1152 3463 1293 3528 perspicitur
1304 3463 1390 3514 horum
1398 3463 1516 3514 malornm
1524 3464 1662 3516 similitudo.
1674 3468 1705 3516 Et
1717 3479 1806 3518 rursus
1816 3469 1843 3518 in
1856 3469 1934 3520 anino

1153 3552 1287 3618 insipientia
1302 3552 1451 3603 imbecillitas
1461 3553 1572 3617 qondam
1582 3555 1760 3606 eslctrationis
1772 3555 1894 3621 ddoeius,
1910 3559 1931 3608 ia

1152 3653 1252 3704 corpore
1266 3653 1325 3690 vero
1337 3642 1414 3690 malus
1429 3641 1525 3692 irabilus
1539 3641 1646 3692 deiectus
1662 3645 1712 3705 est;
1732 3643 1759 3694 in
1774 3645 1805 3695 iis
1823 3659 1882 3710 qus»
1894 3661 1934 3694 ex·

1152 3729 1268 3779 trinsecus
1282 3729 1338 3778 sunt
1356 3729 1419 3779 mala
1436 3729 1594 3791 existimatio,
1606 3729 1694 3794 quippe
1708 3744 1765 3795 quaa
1780 3733 1933 3796 ignominiam

1151 3820 1176 3867 et
1191 3817 1352 3868 infirmitatem
1363 3819 1387 3868 et
1400 3815 1540 3881 despectum
1553 3818 1643 3868 circum
1656 3819 1702 3868 alia
1720 3821 1839 3883 quedam
1854 3822 1935 3872 eldrici

1151 3907 1182 3957 iis
1198 3921 1253 3970 quos
1270 3908 1420 3958 extrinsecus
1433 3908 1500 3958 irunt.
1511 3910 1541 3958 Et
1553 3908 1586 3958 ila
1598 3922 1684 3958 rursus
1702 3909 1839 3976 percipitur
1852 3913 1934 3964 horum

1152 3997 1268 4046 malorum
1281 3995 1422 4046 similitudo.
1437 3997 1467 4046 Et
1477 4007 1561 4046 rursus
1569 3996 1684 4047 timiditas
1693 4009 1750 4060 ηυα
1762 4001 1804 4050 esi
1815 4001 1845 4051 in
1860 4003 1934 4052 amnne

1152 4086 1244 4132 menies
1256 4082 1348 4146 stupori
1361 4081 1478 4132 obnoxias
1490 4085 1515 4132 et
1527 4082 1591 4132 omni
1603 4083 1686 4146 pavori
1698 4083 1828 4137 interiores
1846 4087 1933 4138 elisit:

1151 4168 1175 4218 in
1189 4184 1290 4234 corpore
1299 4170 1386 4220 virium
1400 4169 1508 4222 delectus
1518 4183 1619 4234 corpora
1629 4171 1743 4222 omnibns
1755 4173 1886 4224 laboribus
1895 4176 1933 4223 im·

1152 4257 1219 4320 paria
1238 4257 1328 4321 reddit;
1346 4258 1413 4308 iniis
1431 4271 1487 4308 vero
1504 4270 1560 4320 qum
1577 4261 1635 4307 sunt
1649 4259 1805 4310 extrinsecus
1820 4263 1865 4325 qui
1881 4265 1932 4312 suni

1150 4343 1239 4395 inimici
1259 4345 1367 4394 ioilrmos
1391 4345 1482 4395 iaciunt
1499 4344 1529 4394 ad
1553 4357 1582 4395 ea
1602 4358 1657 4408 quae
1677 4347 1829 4398 extrinsecus
1846 4350 1932 4413 agenda

1150 4434 1206 4481 sunt
1220 4435 1245 4482 ct
1260 4431 1329 4482 tacite
1339 4431 1503 4496 despiciendos
1520 4446 1580 4482 :cor
1595 4433 1658 4483 enim
1675 4434 1746 4484 multi
1762 4440 1824 4485 sunt
1836 4437 1932 4495 inimici,

1150 4520 1209 4571 nihil
1222 4521 1278 4570 lruic
1296 4520 1363 4571 iaclle
1373 4519 1495 4585 contingit
1511 4523 1542 4570 Et
1557 4521 1650 4585 ignaria
1664 4524 1702 4571 est
1718 4535 1776 4586 quae
1788 4524 1815 4574 in
1830 4525 1933 4586 perient)

1150 4608 1217 4659 iacilc
1238 4608 1425 4659 contemnendos
1443 4609 1527 4673 iaciat,
1540 4608 1629 4658 virium
1646 4608 1752 4659 ddectus
1768 4610 1794 4660 in
1812 4611 1933 4662 lsuonnos

1149 4710 1251 4760 corpus,
1271 4696 1400 4746 inimicitiae
1419 4709 1481 4746 vero
1496 4697 1521 4745 in
1535 4696 1593 4746 rilae
1610 4696 1753 4748 actionibus.
1774 4699 1933 4763 prodigalitas

1150 4788 1175 4834 et
1196 4785 1379 4848 intemperantia
1400 4785 1505 4834 selmum
1523 4787 1620 4848 turpem
1635 4787 1659 4835 et
1675 4785 1792 4837 incoltrrm
1810 4787 1932 4850 cilicinum

1153 4871 1292 4922 ‹leiormitas
1312 4873 1336 4921 in
1352 4883 1452 4936 mrpore
1465 4874 1535 4936 turpe
1550 4876 1575 4922 ct
1594 4873 1710 4922 lncrrltum
1729 4887 1821 4936 corpus
1840 4876 1933 4928 reddit:

1148 4962 1307 5023 egestasque
1326 4959 1476 5010 extrinsecos
1491 4963 1528 5010 est
1545 4960 1619 5010 vitam
1639 4963 1734 5024 turpem
1754 4961 1836 5012 efficii.
1858 4967 1889 5012 Ei
1902 4963 1934 5012 ils

1149 5047 1276 5110 percipitur
1285 5047 1371 5096 trorum
1382 5047 1500 5097 malorum
1515 5047 1654 5097 similitudo.

1180 5137 1262 5184 LXVI.
1284 5135 1393 5186 scientim
1411 5135 1509 5186 amissio
1525 5135 1549 5184 in
1568 5135 1613 5186 tris
1625 5135 1740 5187 dividitur
1756 5157 1763 5187 :
1778 5151 1855 5186 unum
1868 5138 1934 5188 enirn

1148 5225 1184 5272 cst
1198 5223 1218 5272 si
1236 5224 1257 5272 is
1271 5223 1340 5285 cuius
1360 5227 1397 5274 cst
1411 5223 1510 5274 scientia
1524 5225 1609 5288 periil3
1621 5222 1722 5274 alierum
1748 5224 1769 5276 si
1786 5225 1881 5276 oblivio
1899 5229 1934 5288 gl-
