4134 6134
825 407 991 472 DIILOGI.
1672 419 1713 479 tte

437 551 461 590 t.
483 531 562 608 (aa.)

935 530 1007 590 duos
1024 509 1105 591 nero¹
1116 552 1191 612 quos
1205 534 1303 594 laudat
1313 535 1419 596 Cicero
1431 556 1523 613 grace
1539 541 1579 598 ita
1591 501 1713 601 exhibet

935 617 1053 692 Strabo,
1068 619 1146 693 xlv,
1167 642 1200 701 p.
1214 623 1273 696 δρα
1289 647 1296 681 ι
1312 621 1369 682 titt
1387 623 1481 695 δὴιιιιλ
1494 623 1663 707 περιφέρεται
1676 624 1711 686 τὶ

142 671 250 730 Athen.
263 668 352 749 Epis,
363 668 385 743 I,
400 690 432 749 p.
449 671 478 744 6,
491 669 517 728 D
531 689 540 726 t
555 663 646 730 Ἄλλοι
661 667 688 727 δί
702 668 821 750 φίλιχθυν
836 669 880 728 τὸν
936 703 988 780 ἔπη
1002 707 1090 766 ταυτί,

84 757 246 826 Φιλόξενόν
272 779 362 838 ρασιν.
399 755 636 835 Ἀριστοτέλης
664 753 692 814 di
718 757 881 838 φιλόδειπνον

92 843 252 918 artant<
273 844 319 904 καί
341 842 435 924 γρόριι
458 865 509 904 nou
522 851 616 906 ταῦτα·
637 851 881 925 «Δημηγοροῒιντις

91 939 130 996 ἐν
143 935 199 1000 τοῖς
210 930 300 1012 ὄχλοις
317 931 519 1013 κατατρίόουσιν
532 933 596 1007 ὅλην
609 931 657 1004 τὴν
670 931 773 1014 ἡμίραν
788 933 815 992 lv
829 936 882 1000 τοῖς

94 1020 226 1096 Θαόμεσι
239 1018 284 1080 καί
298 1018 363 1098 πρίις
380 1017 440 1089 τοὺς
461 1021 491 1080 ἐκ
511 1025 557 1079 τοῦ
576 1017 727 1092 Φιίσιδοςῆ
751 1019 882 1102 Βσρνσδί-

90 1132 163 1175 νους
175 1105 381 1182 καταπλέοντας,
394 1107 569 1186 ἅνιγνωιιότες
578 1107 651 1168 οὐδὲν
665 1106 734 1180 πλὴν
748 1111 770 1167 ti
784 1108 814 1168 τδ
828 1111 882 1170 Φι-

86 1194 207 1264 λοξένου
223 1198 335 1256 deinum
348 1197 402 1256 αδδ*
417 1194 488 1259 aa.

432 1373 461 1412 ι.
483 1351 561 1431 (ιι.)

140 1507 258 1578 Athen„
278 1508 361 1580 VIII,
377 1530 406 1588 p.
427 1509 497 1583 335,
512 1509 534 1567 F
550 1531 557 1568 :
573 1509 608 1571 Τί
618 1508 669 1589 γὰρ
680 1511 731 1568 τῶν
749 1511 884 1591 ίπιτρῑψαι

85 1594 256 1674 δυναμένων
274 1597 419 1675 παρέλιπον
437 1597 545 1667 όκαλδς
563 1587 636 1664 οὗτος
662 1597 783 1665 ἐποποιός
808 1598 885 1678 (Ἆρ-

83 1685 249 1764 χέστρατος
272 1683 355 1762 scil.)
381 1684 426 1743 καὶ
443 1685 519 1764 μόνος
541 1683 661 1759 ζηλώσας
678 1685 722 1746 τόν
745 1686 883 1766 Σαρδανα-

84 1773 206 1832 πάλλω
221 1778 266 1833 τοῦ
281 1771 517 1855 Ἀνακυνδαράξεω
533 1774 589 1855 βίον
599 1820 609 1852 ,
621 1775 651 1834 δν
671 1773 884 1855 ἀδιανοητότερον

83 1852 170 1919 εἶναι
194 1861 265 1924 κατὰ
285 1860 333 1934 τὴν
357 1863 534 1944 προσηγορίαν
557 1869 602 1924 τοῦ
624 1863 721 1945 πατρδς
735 1863 885 1943 Ἀριστο-

83 1949 206 2022 τέλης
227 1949 287 2028 ἔφη.
306 1943 412 2033 Ἐρόό
436 1957 483 2011 τοῦ
502 1951 586 2032 tripos
607 1952 796 2033 ἐπιγεγράφθαι
815 1951 881 2033 ρασλ

89 2040 264 2122 Χρύσιππος
277 2042 349 2102 elic·

151 2173 188 2224 Et
199 2175 265 2232 ιίδὼς
278 2176 314 2225 ότι
323 2175 403 2231 δνητός
416 2175 469 2236 ίρνς
480 2176 521 2224 τὸν
535 2175 606 2237 lupar
619 2175 678 2231 αἰξε.

152 2245 220 2294 Κιῖν·
231 2245 281 2308 ἔχω
291 2245 346 2294 δσσ’
358 2245 444 2305 lauras
451 2245 493 2294 ιιαὶ
505 2244 629 2307 lailotun,
639 2247 680 2294 ταὶ
691 2246 736 2296 σὺν
748 2245 816 2308 lpum

145 2315 235 2378 Tt'pav'
246 2315 341 2364 ίπαδον·
351 2314 382 2364 τὰ
391 2313 417 2364 dl
424 2313 500 2364 πολλὰ
510 2316 552 2363 καί
562 2313 631 2363 δλόια
636 2317 713 2364 πάντα
722 2317 828 2366 λέλυνται
833 2352 881 2364 .....

137 2429 248 2488 Cicero
259 2429 404 2507 Disputat.
416 2427 551 2505 lusani„
564 2425 599 2504 V,
616 2429 652 2486 35
670 2451 677 2486 :
693 2433 740 2488 Ea
754 2451 807 2506 quo
816 2433 883 2488 Sar-

89 2522 244 2594 danapali
262 2521 461 2594 opulentissimi
488 2519 580 2590 Syrioe
600 2524 673 2595 regis
695 2539 773 2575 error
795 2539 883 2594 agno·

89 2616 199 2680 scitur,
211 2613 258 2682 qui
269 2611 357 2662 incidi
364 2612 449 2679 jussit
461 2612 490 2661 in
507 2608 585 2661 busto
598 2626 608 2660 :

165 2743 225 2790 Ilaec
237 2739 313 2790 habeo
325 2752 380 2802 quac
393 2737 433 2789 adi
448 2751 553 2802 quoque
563 2740 703 2789 exsaturata
717 2739 791 2790 libido

167 2810 255 2861 nausii
265 2828 271 2859 ι
281 2809 356 2859 attila
365 2809 445 2870 jacent
457 2808 534 2858 multa
543 2810 567 2858 ei
579 2809 696 2872 praeclara
706 2809 798 2858 relicta.

93 2931 182 3002 Quid
191 2929 283 2997 aliud,
294 2931 383 3000 inquit
398 2926 571 3003 Aristoteles,
589 2930 617 2980 in
632 2927 716 2997 boun,
733 2945 788 2982 non
803 2933 883 2984 inre·

91 3025 158 3091 gis,
181 3019 307 3092 sepulcro
332 3011 514 3070 inscriberet?
535 3016 604 3070 Hoec
627 3014 734 3070 habere
758 3035 789 3071 se
812 3037 885 3073 rnor-

95 3118 185 3160 tuum
201 3106 274 3171 dicit,
295 3122 359 3178 quae
372 3121 408 3158 ne
422 3107 500 3158 uivus
514 3104 625 3176 quidem
640 3104 741 3160 diutius
761 3105 886 3164 tantm

96 3219 191 3273 quarn
204 3196 367 3269 fruebatur.
390 3195 435 3253 Cf.
459 3193 495 3252 de
516 3193 638 3254 Finibus
662 3194 702 3268 ΙΙ,
721 3197 770 3270 3ο,
797 3199 881 3258 106:

99 3291 123 3344 C
124 3291 236 3362 orporis
254 3299 347 3340 autem
362 3287 495 3358 uoluptas
507 3287 533 3337 si
545 3288 628 3340 etiarn
640 3291 788 3360 prseterita
805 3291 883 3344 clele-

97 3388 171 3442 ctat,
194 3394 248 3430 non
277 3376 403 3445 intelligo
433 3391 482 3428 cur
505 3375 666 3429 Aristoteles
690 3375 885 3452 Sardanapali

100 3469 281 3538 epigramma
295 3473 374 3516 tanto
387 3479 471 3534 opere
485 3461 631 3533 derideat,
648 3464 676 3515 in
697 3481 750 3535 quo
768 3465 818 3519 ille
832 3485 884 3522 ren

99 3555 197 3621 Ssriae
214 3553 349 3624 glorietur
368 3569 399 3604 se
414 3567 509 3604 omnes
528 3567 620 3604 secum
637 3550 783 3606 libidinum
801 3556 884 3608 volu·

102 3651 200 3710 ptates
217 3639 371 3695 abstulisse.
391 3637 474 3708 Quod
486 3641 558 3691 enim
572 3655 608 3692 ne
618 3642 696 3693 vivus
706 3639 828 3713 quidem,
843 3647 885 3698 in·

105 3731 175 3798 quit,
187 3728 287 3780 diutius
301 3729 403 3781 sentire
419 3737 535 3798 poterat
546 3745 630 3798 quarn
644 3728 710 3782 dum
720 3725 881 3799 fruebatur,

103 3834 160 3888 qno
173 3817 253 3869 niodo
265 3816 297 3869 id
302 3819 395 3888 potuit
403 3825 509 3868 mortuo
515 3817 705 3887 permanere?

51 3901 54 3950 ἰ
149 3901 230 3959 Alias
249 3901 458 3977 inscriptiones
477 3918 494 3958 e
515 3898 655 3958 Clearcho
674 3901 734 3980 aspi
748 3901 819 3961 Βίων
838 3904 885 3962 al-

996 835 1072 886 rear
1084 837 1133 902 ίχιο
1143 838 1199 888 ὅσα·
1208 838 1297 903 lassor
1307 839 1349 890 eat
1360 841 1519 905 Ιρύδρισαιιαλ
1530 843 1581 906 μετ’
1590 845 1675 908 ἔρωτος

998 905 1083 970 itm·
1091 908 1177 956 tacta
1184 925 1192 939 ·
1200 908 1231 956 alt
1243 909 1269 958 δί
1280 909 1356 958 πολλὰ
1366 911 1407 958 καὶ
1423 909 1492 960 itta
1502 912 1579 962 πάντα
1587 915 1711 964 >tiernus

937 1028 982 1091 CI.
1003 1029 1143 1090 Davisius
1164 1031 1200 1090 ad
1221 1029 1284 1092 Cic.
1308 1031 1408 1105 Tusa,
1443 1034 1479 1109 V,
1504 1035 1553 1110 35,
1571 1037 1655 1096 Nate
1676 1041 1713 1098 ad

937 1115 1059 1177 chariti
1078 1117 1203 1196 fragm,
1224 1139 1255 1198 p.
1273 1121 1340 1198 196,
1355 1141 1421 1200 sqq.
1508 1112 1513 1123 ⁵

1110 1277 1187 1339 XVI.
1210 1279 1302 1339 ΙΙΙΙΡΙ
1321 1281 1534 1342 ΒΑΣΙΛΕΙΑΣ.

978 1436 1025 1495 Διί
1045 1435 1264 1515 dijudicandam
1275 1438 1464 1516 quaestionem
1479 1459 1603 1517 quanam
1620 1440 1712 1498 forma

938 1525 1121 1603 wuscriptus
1140 1526 1227 1586 luerit
1240 1525 1300 1606 πιρί
1315 1525 1456 1595 Βασιλείας
1468 1527 1556 1602 liber,
1577 1528 1660 1605 cujus
1674 1529 1714 1586 ti-

939 1615 1016 1673 tulus
1040 1617 1116 1673 inter
1137 1615 1271 1692 dialogos
1297 1615 1374 1695 apud
1404 1616 1564 1693 Diogenem
1590 1615 1659 1696 (ιδ)
1684 1630 1713 1675 et

938 1701 1126 1779 Anonymum
1150 1701 1219 1781 (ιδ)
1233 1702 1352 1780 legitur,
1368 1703 1515 1782 praecipue
1535 1705 1633 1763 valent
1647 1725 1710 1782 qua.
1778 1753 1784 1763 .

938 1788 1054 1849 duobus
1069 1791 1100 1850 in
1113 1790 1188 1850 iocis
1208 1789 1245 1850 de
1256 1811 1319 1851 eoa
1334 1792 1476 1851 Cicerone
1488 1792 1653 1855 dictasunt.
1670 1793 1714 1851 lta

938 1878 1017 1936 enim
1032 1879 1082 1937 ille
1095 1879 1132 1937 de
1154 1879 1278 1938 consilio
1302 1880 1382 1958 quod
1396 1880 1568 1958 aliquandiu
1586 1883 1713 1957 agitave-

939 1979 994 2038 rat,
1006 1965 1152 2026 mittendae
1165 1967 1203 2025 ad
1211 1965 1352 2027 Caesarem
1363 1968 1636 2028 cohortatoriaesive
1644 1988 1712 2028 sua·

939 2054 1025 2112 soriae
1035 2053 1183 2130 epistolar,
1196 2054 1249 2134 Ep.
1260 2055 1298 2114 ad
1307 2056 1408 2128 Attia,
1420 2054 1494 2134 xil,
1509 2066 1559 2132 40,
1576 2076 1594 2114 a
1611 2078 1618 2114 ι
1634 2058 1715 2136 Zop-

854 2151 860 2162 '
940 2138 1108 2201 6ουλιντυιδν
1120 2163 1197 2218 saepe
1212 2163 1319 2202 conor:
1334 2146 1409 2200 niltil
1419 2151 1525 2220 reperio
1539 2163 1548 2201 .·
1563 2158 1593 2200 et
1604 2149 1714 2219 quidem

939 2249 1046 2285 mecum
1063 2229 1154 2286 tabeo
1166 2243 1195 2286 et
1206 2225 1401 2310 Ἀριστοτέλους
1418 2243 1448 2288 et
1465 2229 1628 2306 Θεαπόρπω
1650 2230 1713 2311 πρὸς

939 2313 1107 2396 Ἀλέξανδρον
1130 2338 1137 2373 :
1163 2320 1216 2374 sed
1228 2319 1297 2393 quid
1319 2321 1432 2375 simile?
1452 2321 1504 2374 Illi
1523 2331 1552 2374 et
1572 2339 1637 2394 quoe
1652 2327 1718 2395 ipsis

939 2403 1056 2461 laonesta
1065 2418 1156 2460 essent
1166 2407 1324 2462 scribebant
1333 2418 1363 2462 et
1368 2418 1455 2478 grata
1470 2407 1647 2466 Alexandro.
1662 2409 1717 2464 Ec-

938 2495 1006 2567 quid
1025 2505 1054 2548 tu
1075 2495 1212 2564 ejusmodi
1231 2496 1355 2568 reperis?
1371 2493 1447 2549 Miln‘
1469 2495 1578 2569 quidem
1599 2495 1672 2551 nihil
1689 2502 1717 2552 in

939 2595 1059 2638 mentem
1073 2588 1164 2641 uenit.
1188 2583 1357 2659 susceptum
1372 2599 1444 2638 vero
1458 2580 1612 2640 consilium
1631 2583 1719 2660 plane

939 2686 970 2726 sc
992 2667 1134 2746 abjecisse
1155 2688 1221 2726 cum
1237 2666 1291 2746 Ep.
1308 2665 1388 2741 xtlt,
1410 2671 1459 2741 31,
1484 2682 1543 2728 tunt
1557 2671 1718 2749 prasertim

939 2753 1016 2828 ΙίΙΙΙ,
1034 2758 1083 2826 aii,
1108 2776 1139 2832 a,
1159 2756 1240 2815 hisce
1256 2767 1377 2814 testatur
1389 2755 1514 2816 verbis:
1537 2761 1579 2815 lle
1591 2764 1718 2836 φατρία

938 2847 982 2900 ad
1006 2843 1161 2914 Coesatem,
1177 2850 1277 2912 jurato
1302 2843 1482 2912 mihicrede,
1506 2865 1560 2900 non
1578 2867 1717 2921 possum.-

939 2951 990 2988 nec
1010 2951 1055 2986 tue
1077 2931 1218 3005 turpitudo
1239 2933 1369 3004 deterret,
1385 2935 1437 2985 etsi
1460 2937 1583 2987 maxime
1605 2935 1716 2992 debeat.
1773 2948 1777 2955 '

940 3023 1032 3094 Quam
1057 3026 1131 3076 enim
1154 3025 1241 3095 turpis
1263 3031 1304 3074 est
1327 3024 1497 3091 assentatio,
1515 3040 1597 3094 quum
1624 3026 1717 3076 atcere

938 3115 1026 3184 ipsum
1050 3109 1128 3183 turpe
1149 3114 1186 3164 sit
1200 3110 1299 3164 nodis?
1312 3108 1371 3163 Sed
1389 3120 1421 3162 ut
1438 3113 1519 3182 coepi,
1534 3128 1590 3163 non
1601 3129 1646 3164 me
1664 3109 1718 3164 lroc

939 3210 1018 3272 turpe
1035 3199 1164 3266 deterret,
1183 3216 1218 3251 ac
1242 3197 1346 3250 uellem
1368 3196 1480 3268 qur'dem
1504 3213 1513 3251 .·
1535 3213 1621 3251 essem
1642 3201 1715 3253 enim

938 3291 988 3361 qui
999 3304 1059 3341 esse
1071 3286 1198 3354 debeam
1213 3285 1302 3340 sedin
1320 3293 1439 3338 trientem
1453 3285 1526 3339 nilrll
1534 3292 1624 3344 venit.
1639 3287 1716 3341 Nam

938 3393 1001 3449 quar
1019 3375 1143 3429 suntad
1158 3373 1352 3428 Alexandrum
1369 3370 1510 3426 hominum
1533 3373 1716 3448 eloquentium

938 3475 968 3518 et
979 3465 1121 3518 doctomm
1134 3465 1284 3529 suasmnes,
1307 3461 1388 3514 vides
1401 3461 1497 3534 quibus
1507 3465 1537 3514 in
1552 3463 1634 3516 rebus
1652 3481 1718 3517 ver·

937 3561 1054 3604 rentur:
1072 3549 1286 3616 adolescentem,
1298 3553 1438 3603 mcensum
1460 3550 1610 3623 cupiditate
1628 3554 1717 3604 veris-

937 3641 1016 3690 simae
1036 3638 1136 3711 gloriae
1140 3675 1150 3702 ‚
1168 3639 1321 3710 cupientem
1334 3637 1388 3692 sibi
1405 3639 1514 3710 aliquid
1526 3638 1634 3694 consilii
1654 3639 1718 3692 dari
1782 3703 1785 3709 ¹

939 3725 1012 3796 quod
1028 3726 1070 3778 ad
1090 3725 1201 3778 laudem
1214 3728 1412 3798 sempiternam
1430 3726 1555 3794 ualeret,
1573 3725 1717 3780 cohortan-

939 3822 993 3883 tur,
1010 3812 1053 3865 αεὶ
1071 3813 1155 3866 decus
1174 3830 1230 3866 non
1243 3813 1432 3870 marturano.
1448 3811 1520 3881 Qute
1533 3813 1575 3884 si,
1591 3826 1622 3870 ut
1643 3832 1717 3872 ese-

940 3895 1098 3974 quentibus
1119 3898 1286 3972 fragmentis
1306 3912 1441 3978 apparet,
1461 3900 1498 3958 ad
1521 3899 1628 3957 librum
1655 3900 1716 3981 πιρί

107 3988 165 4044 fert
191 3987 352 4058 Athenaeus,
374 3985 445 4058 ΧΙΙ,
468 4008 497 4064 p.
526 3986 596 4064 529,
620 3989 688 4048 Aet
712 4008 749 4047 ex
766 3990 884 4050 Aristo.
939 3983 1081 4053 Βασιλείας
1105 3984 1256 4044 relereuda
1280 4001 1363 4059 sunt,
1384 4006 1444 4045 non
1462 3986 1522 4064 jam
1545 3987 1580 4045 de
1598 3987 1716 4064 dialogo

108 4073 198 4144 bulo,
223 4075 287 4146 XII,
313 4095 344 4154 p.
363 4075 436 4146 530,
457 4078 482 4133 Α
507 4097 514 4132 ι
536 4075 747 4154 Ἐπιγεγράρθαι
763 4075 790 4135 δὲ
813 4079 884 4156 αὐτῷ
939 4071 1127 4148 cogitandum
1148 4075 1216 4144 erit,
1239 4073 1348 4132 sedda
1379 4071 1573 4133 cohortatoria
1592 4075 1716 4152 quadam

108 4160 257 4236 Ἀσσυρίοις
273 4161 423 4240 γράμμασι·
447 4189 460 4213 ι
476 4162 702 4242 Σαρδανάπαλλος
717 4163 878 4224 ’Aromata
938 4160 1063 4238 epistola
1082 4161 1146 4220 siae
1164 4162 1310 4233 oratione,
1327 4163 1424 4239 qualis
1442 4162 1625 4242 Theopompi
1643 4185 1715 4242 quo.

110 4245 195 4324 ραξεω
217 4256 286 4323 παῖς,
306 4248 455 4329 'Appium
479 4251 524 4310 καί
544 4250 650 4331 Ταρσὸν
670 4249 771 4330 {sarpta
796 4253 883 4334 ἡμέρῃ
939 4265 996 4323 que
1007 4245 1085 4304 liber
1100 4247 1170 4320 luit,
1182 4267 1248 4305 cum
1263 4249 1503 4327 quoaCicerone
1515 4253 1713 4329 conjungitur.

110 4340 169 4412 μιῇ.
209 4333 313 4410 'tate
338 4337 411 4416 πῖνε,
435 4341 521 4408 truita·
542 4340 578 4406 ὡς
610 4338 696 4398 τᾶλλα
720 4339 813 4400 τούτου
836 4343 884 4402 οὐκ
939 4337 978 4391 AI
991 4333 1069 4393 hunc
1088 4335 1242 4395 Athessaeffl
1264 4337 1363 4409 semels
1380 4337 1428 4415 IV,
1444 4359 1475 4417 Ι)-
1502 4339 1570 4412 ²3⁰³
1586 4341 1620 4413 B,
1644 4341 1716 4413 Συμ·

115 4423 185 4491 ἀξια.
202 4451 214 4474 ι
226 4425 361 4503 Quinque
380 4438 490 4484 tantum
506 4446 617 4499 versus,
633 4445 670 4486 cx
684 4430 720 4488 iis
743 4432 794 4506 qui
806 4431 884 4508 apud
940 4420 1034 4481 δονλαί
1046 4421 1112 4504 πρδς
1125 4422 1304 4503 Ἀλέξανδρον,
1319 4425 1350 4483 in
1361 4427 1452 4484 aitero
1466 4445 1538 4486 vero
1547 4432 1621 4502 Ioco,
1632 4427 1714 4501 XIII,

116 4512 277 4570 Itlteuaeum
299 4513 445 4590 leguntur,
460 4514 548 4573 habet
568 4516 734 4587 Diodorus,
759 4518 803 4588 II,
829 4520 883 4591 ²35
939 4533 970 4588 p.
993 4512 1064 4588 595,
1088 4514 1125 4585 Α,
1138 4510 1286 4585 Ἐπῑστολδ
1301 4511 1545 4596 carantana
1560 4529 1655 4576 vocat.
1672 4517 1715 4574 Ad

910 4709 913 4747 :
941 4686 1061 4751 prestigia
1078 4691 1188 4751 auectam
1200 4689 1225 4737 et
1241 4701 1298 4738 eam
1316 4688 1346 4739 tu
1362 4695 1489 4739 versantur
1501 4691 1542 4753 qui
1558 4705 1572 4740 e
1586 4691 1658 4742 Phasi
1673 4694 1715 4740 aut

909 4765 911 4795 ¹
939 4777 1087 4840 Borystirare
1106 4777 1155 4827 lroc
1173 4777 1298 4842 adpeiluut
1315 4799 1323 4829 ι
1342 4780 1451 4843 legeram
1469 4781 1550 4832 autem
1568 4782 1627 4832 alisii
1644 4782 1713 4846 quid-
1818 4767 1822 4777 ’

487 4889 509 4934 1,
537 4933 538 4936 γ
937 4877 1024 4929 quani,
1042 4865 1089 4916 uisi
1105 4867 1168 4916 torte
1183 4865 1308 4917 Phssoxeui
1321 4869 1419 4918 mnam
1427 4903 1436 4931 ,
1448 4881 1478 4918 ac
1493 4881 1524 4920 ae
1539 4883 1593 4920 eam
1615 4869 1711 4934 quidem

936 4953 1025 5001 utam!

369 4736 411 4784 DE
428 4679 620 4782 VDLUPTATE.

155 5057 297 5110 Ptritosenutu
316 5057 355 5108 aiii
376 5057 477 5122 piscium
493 5060 613 5108 amarum
629 5057 726 5120 trauan
742 5058 882 5111 Aristoteles
1311 5047 1334 5090 ²·

130 5145 586 5210 resonuieooeuarurustudiosum3qoi
599 5145 767 5198 etiamaiicnbi
778 5147 881 5199 dascu-
966 5147 1168 5212 Sardanapalum,
1198 5151 1393 5214 tnacyadaraxa
1433 5151 1518 5215 lilium,
1547 5154 1711 5208 obsuttiorem

133 5229 174 5281 bit':
193 5253 203 5276 α
216 5235 256 5292 Qui
271 5234 294 5284 in
310 5233 406 5285 circulis
421 5233 547 5285 moriones
561 5231 800 5298 iubentiumque
816 5233 880 5286 diem
935 5234 1003 5286 reddi
1014 5235 1107 5299 adjecto
1118 5238 1192 5301 patris
1204 5240 1301 5290 uomica
1313 5240 1453 5292 Ariamteles
1466 5240 1537 5294 oiatt
