4134 6134
373 395 433 454 ato

412 527 445 585 ln
453 526 516 587 cod.
532 526 582 600 La,
594 539 665 587 teste
673 526 773 602 Rosio,
784 547 849 587 cum
858 529 992 590 lemmate
1001 538 1047 592 τοῦ
1060 536 1139 595 αὐτοῦ

372 626 534 690 sequuntur
545 614 607 674 haec
622 636 628 673 :
642 613 755 695 Γλάσσῃ
766 616 874 699 θρασείορ
888 618 925 692 μὴ
936 623 1066 698 χρῆσθαι·
1079 625 1146 682 πολ-

372 702 445 765 λάκις
458 701 508 780 γὰρ
523 702 553 761 τὸ
567 702 671 781 θράσος,
683 703 727 762 καλ
741 703 822 778 αὑτλν
834 705 942 766 διώλεσε
954 706 1002 780 τὴν
1016 711 1145 791 κεφαλήν,

371 810 434 865 quae
454 792 483 847 in
495 789 561 851 cod.
576 790 620 849 Lb
635 790 756 853 lsocrati
768 792 946 873 tribuuntur,
958 796 988 855 in
998 797 1045 859 ed.
1059 798 1144 857 Com·
1171 810 1175 945 γ

371 876 465 936 befisii
482 879 606 939 Socrati.

737 1022 780 1078 18.
1172 975 1175 990 Ι

407 1144 525 1203 Maxim.
543 1166 567 1203 c.
582 1142 632 1215 να’,
642 1165 669 1222 p.
680 1146 737 1203 653
751 1168 757 1202 :
773 1144 879 1227 Ὥσπερ
893 1145 971 1227 φασὶν
982 1150 1008 1207 ἐν
1023 1149 1141 1232 ἰατρικῇ,

368 1230 400 1287 τδι
412 1233 449 1306 μὴ
459 1230 560 1310 καθαρδι
570 1236 621 1290 τῶν
637 1232 767 1309 σωμάτων
786 1230 875 1313 ὑπόσιμ
888 1232 918 1292 θν
926 1233 1034 1316 Θράψῃς,
1044 1238 1145 1314 μᾶλλον

370 1321 489 1400 βλάψεις,
503 1318 566 1391 ὑλην
579 1318 718 1379 ὑποθαλὼν
731 1321 937 1403 τῇτιακοχυμίρι,
948 1323 1016 1383 οὑτω
1028 1326 1075 1384 καὶ
1090 1329 1143 1406 ψυ-

368 1406 418 1486 χὴν
433 1407 572 1486 μοχθηροῖς
587 1406 700 1485 δόγμασι
714 1408 991 1488 προκατειλημμένην,
1007 1412 1098 1493 ὁπόσῳ
1112 1412 1143 1471 διν

369 1494 481 1573 διδάξῃς,
504 1495 604 1569 μᾶλλον
632 1496 755 1575 βλάψεις,
775 1496 895 1573 μείζονας
906 1497 989 1577 θρχίις
1005 1503 1072 1580 αὐτῇ
1097 1503 1143 1570 τῆς

367 1580 531 1662 ψευδοδοξίας
553 1582 688 1661 παρέχων.

410 1671 483 1741 ttaec,
500 1672 568 1728 licet
582 1670 666 1729 bisin
681 1672 801 1733 Antonii
819 1674 934 1734 Melissa
945 1674 971 1747 l,
988 1696 1014 1736 c.
1032 1675 1069 1748 α’,
1083 1678 1141 1755 p.3

366 1773 433 1819 etc.
451 1757 493 1833 μδ
508 1778 536 1836 p.
553 1759 588 1816 52
605 1759 641 1816 ad
660 1760 843 1819 Aristotelem
860 1763 1034 1838 reserantur,
1048 1777 1143 1822 tamen

367 1847 478 1923 potius,
501 1847 586 1905 sicuti
603 1846 707 1906 Rosius
727 1862 867 1921 autumat,
894 1849 1056 1909 christiano
1073 1851 1141 1909 cui-

367 1934 430 1991 dam
444 1934 582 2012 scriptori
598 1933 756 1995 tribuenda
770 1949 847 1997 sunt.

736 2090 780 2145 19·

404 2200 526 2261 Maxim.
543 2224 569 2261 c.
584 2202 632 2275 νδ,
656 2224 686 2281 p.
716 2205 774 2263 658
800 2227 806 2262 :
825 2204 935 2277 Φθόνος,
951 2205 1040 2285 ρησίν,
1058 2208 1139 2263 ἀντα-

363 2289 491 2367 γωνιστής
506 2292 561 2348 ἔστι
573 2294 624 2348 τῶν
637 2292 825 2371 εὐτυχούντων.
837 2293 883 2353 Cl.
893 2293 1004 2354 Anton.
1021 2292 1140 2351 Melissa

365 2377 388 2454 l,
401 2400 424 2437 c.
440 2377 485 2454 ξγ’,
498 2399 527 2457 p.
542 2381 589 2451 66,
600 2382 706 2440 Arsen.
720 2382 797 2440 Viol.
821 2400 850 2458 p.
872 2402 937 2442 122.

729 2538 777 2577 20.

385 2624 386 2627 ί
402 2638 509 2699 Joann.
525 2638 605 2697 Stob.
624 2638 724 2698 Floril.
735 2639 837 2711 xctV,
853 2640 888 2697 τ6
907 2659 916 2700 2
934 2638 1057 2720 Κριίττω
1071 2640 1137 2718 πρὸς

363 2727 532 2804 εὐδαιμονίαν
545 2726 647 2785 ίλάττω
660 2730 804 2799 κεκτῆσθαι
817 2725 834 2798 ἣ
847 2727 933 2787 πολλὰ
946 2728 1014 2805 μετδ
1028 2726 1136 2809 φθόνου·

361 2814 405 2873 καὶ
417 2815 468 2895 γδρ
482 2814 596 2873 καλλίων
611 2814 655 2873 καὶ
669 2815 749 2885 ἡδίων
763 2807 862 2883 οὑτοςὸ
878 2813 940 2895 βίος.

724 2965 774 3006 21·

399 3072 505 3132 Joann.
521 3072 603 3133 stoh.
628 3072 728 3131 Floril.
746 3072 854 3147 llClll,
870 3076 908 3131 60
924 3096 931 3130 t
949 3073 985 3135 Τί
995 3073 1047 3153 γάρ
1064 3074 1133 3130 ἔστιν

360 3160 509 3240 άνθροτπος;
523 3159 669 3228 ’λσίίενείας
682 3158 837 3239 ὑπόδειγμα,
848 3165 940 3241 καιροῦ
952 3160 1081 3242 λάρυρον,
1091 3160 1134 3219 τά·

358 3272 409 3327 χης
422 3248 554 3325 παίγνιον,
580 3246 773 3325 μεταπτώσεως
794 3247 879 3323 εἰκών,
892 3249 985 3330 ρθάνου
1000 3249 1045 3307 καί
1066 3270 1132 3321 συμ-

358 3350 439 3417 φορᾶς
453 3335 592 3413 πλάστιγξ,
609 3335 639 3394 τὸ
656 3336 682 3396 δὲ
702 3336 792 3397 λοιπὸν
805 3338 909 3415 φλέγμα
930 3338 976 3397 καὶ
987 3337 1066 3417 χολή.
1084 3338 1129 3396 (li.

358 3426 483 3483 Secundi
494 3425 659 3495 Sententia,
670 3425 747 3504 apud
758 3424 894 3484 Mullach.
906 3426 1021 3503 Fragm.
1031 3426 1132 3485 Philo-

358 3511 440 3591 soph.
456 3532 497 3588 gr.
510 3526 531 3573 t.
548 3512 573 3587 l,
588 3532 616 3592 p.
634 3513 702 3572 513.

724 3685 760 3730 tt.

387 3765 601 3823 Quemadmodum
612 3766 635 3816 in
647 3766 767 3817 maliciae
780 3766 920 3829 deridunt,
934 3770 962 3816 ut
969 3780 1073 3830 corpora
1084 3780 1131 3816 non

354 3867 417 3917 pura
430 3867 479 3917 quo
495 3855 573 3918 magis
589 3855 714 3916 nutrieris,
729 3869 758 3905 eo
774 3858 852 3919 magis
861 3856 945 3915 laedas,
961 3855 1004 3918 qui
1014 3855 1130 3905 nimirum

354 3942 476 4005 eormptts
492 3942 637 3992 humoribus
653 3946 778 3993 materiam
799 3957 828 3993 ac
841 3943 974 3992 tomentum
995 3942 1128 4007 subjicias:

354 4030 391 4079 sic
404 4034 428 4081 et
441 4030 483 4093 qui
493 4030 576 4094 pravis
592 4030 746 4095 opinionibus
757 4033 943 4095 preoccupatus
954 4030 995 4091 sit,
1011 4044 1062 4095 quo
1074 4031 1130 4095 plus

353 4117 474 4179 docueris,
489 4131 518 4168 eo
528 4119 605 4182 magis
616 4119 700 4179 tader,
713 4124 818 4180 majores
834 4118 937 4168 subinde
949 4118 1013 4168 mate
1023 4119 1129 4182 salseque

351 4205 471 4255 sentiendi
486 4206 625 4256 occasiones
636 4207 755 4270 praebens.

723 4298 759 4344 ta.

383 4380 503 4431 invidiam
519 4380 617 4431 dicebat
631 4381 729 4431 illorum
745 4382 912 4432 adversariam
928 4395 983 4432 esse
993 4382 1036 4445 qui
1054 4382 1127 4433 rebus

351 4458 465 4517 secundis
487 4471 599 4519 utuntur.

717 4560 754 4607 m.

383 4643 470 4695 Melius
489 4650 526 4696 est
549 4648 581 4697 ad
601 4648 742 4698 felicitatem
764 4648 880 4712 pauciora
900 4649 1035 4713 possidere,
1051 4664 1125 4714 quam

244 4725 247 4735 '
347 4730 428 4780 multa
438 4744 495 4781 cum
508 4734 610 4785 invidia.
629 4738 690 4786 ttam
706 4736 751 4785 isto
764 4736 814 4785 rita
826 4735 972 4787 laudabilior
983 4741 1009 4787 et
1025 4738 1125 4787 suavior

351 4822 396 4869 ost.

716 4918 754 4962 at.

915 398 1163 464 ARISTOTELIS
1183 405 1428 473 FRAGMENTA.

1563 567 1611 607 Ὢ.

1238 682 1397 759 Appendix
1412 684 1539 745 Ftorent.
1558 689 1594 747 ad
1613 688 1722 752 Joann.
1746 694 1829 755 Stob.
1856 696 1892 767 t,
1910 719 1939 755 ιτ
1953 721 1959 754 :
2027 715 2028 770 ,

1199 762 1213 789 ‘'
1239 772 1336 843 σπερὺ
1356 761 1425 839 οἶνος
1437 782 1557 852 κιρνᾶται
1570 783 1624 843 τοῖς
1639 781 1691 836 τῶν
1712 778 1840 839 πινόντων
1857 784 1960 861 τρόποις,
2027 799 2028 864 t

1199 852 1267 912 οὑτω
1289 857 1335 915 καλ
1349 863 1366 931 ἡ
1382 862 1455 938 φιλία
1475 871 1527 928 τοῖς
1540 865 1592 920 τῶν
1603 866 1749 943 χρωμένων
1765 869 1850 941 ἤθεσι.
1866 873 1961 930 Mento
2027 873 2028 906 l

1199 942 1293 1001 stlreni
1307 944 1447 1007 tribuitur
1459 952 1491 1008 in
1512 952 1633 1011 Antonii
1645 953 1713 1015 Mel.
1732 955 1757 1030 l,
1775 978 1802 1016 e.
1819 956 1867 1031 κδ’,
1878 980 1905 1038 p.
1920 964 1962 1031 αθ,

1187 1030 1250 1095 ¹ubi
1283 1033 1390 1109 legitur
1416 1040 1513 1096 statim
1534 1054 1602 1117 post
1621 1045 1794 1103 sententiam
1823 1048 1962 1108 Aristoteli

1200 1117 1387 1200 adscriptam.

1563 1262 1612 1322 23.
1676 1324 1681 1333 ,

1238 1377 1346 1435 Anton.
1375 1377 1491 1439 Melissa
1510 1381 1537 1454 l,
1562 1405 1587 1443 c.
1606 1384 1643 1458 α’,
1667 1409 1697 1463 p.
1715 1389 1751 1447 3:
1769 1388 1850 1471 Ἀρχὴ
1875 1392 1964 1473 ἀρίστη

1197 1462 1302 1521 πάντων
1316 1462 1364 1541 μὲν
1378 1470 1392 1525 ὁ
1407 1468 1472 1540 θεός,
1487 1472 1584 1549 τἰρετῶν
1598 1474 1625 1531 δὲ
1639 1475 1768 1537 εὐσέὑεια.

1563 1610 1612 1670 at.

1238 1726 1346 1786 Anton.
1372 1727 1439 1789 Mel.
1464 1731 1489 1804 l,
1506 1753 1532 1790 c.
1547 1732 1596 1806 νθ’,
1617 1756 1646 1814 p.
1664 1736 1700 1795 55
1721 1738 1897 1815 ιΠάντες,ὑς
1910 1741 1968 1810 ἔπος

1198 1818 1291 1894 εἰπεῖν,
1308 1817 1366 1886 τοθς
1380 1820 1428 1898 μὲν
1442 1826 1635 1905 ὑπηρετοῦντας
1649 1829 1736 1888 αὑτῶν
1750 1834 1808 1899 ταῖς
1823 1834 1970 1910 ἐπιθυμίαις

1197 1904 1372 1986 ἀποδέχονται
1382 1910 1426 1968 καὶ
1439 1914 1585 1987 νομίζουσιν
1599 1916 1629 1973 οὑ
1644 1914 1722 1994 μόνον
1738 1918 1825 1988 εὔνους
1838 1920 1908 1978 ἀλλὰ
1926 1923 1971 1979 καὶ

1198 1992 1290 2068 μάνους
1313 1996 1410 2077 ἄνδρας
1429 2002 1464 2066 ὡς
1484 2002 1588 2073 άληθῶς
1601 1992 1676 2077 εἶναι,
1691 2005 1743 2071 τοῖς
1766 2005 1794 2063 δὲ
1807 2008 1972 2086 σωρρονίζειν

1196 2082 1370 2162 ἐπιχειροῦσιν
1385 2087 1470 2157 ἀηδῶς
1483 2086 1598 2166 ἔχουσιν.

1558 2222 1607 2280 αὑ.

1233 2351 1374 2429 Georgid.
1400 2354 1541 2417 Gnomol.
1568 2358 1600 2417 in
1621 2358 1756 2421 Boisson.
1779 2363 1892 2422 Anecd.
1910 2380 1932 2425 t.
1947 2368 1971 2436 l,

1194 2459 1223 2514 p.
1242 2441 1278 2548 55²»
1296 2464 1304 2498 ι
1327 2440 1420 2519 Λέγειν
1442 2442 1490 2543 μὲν
1506 2445 1544 2505 δεῖ
1557 2449 1592 2513 ὡς
1610 2448 1929 2523 amalsitanae<
1948 2458 1974 2513 ol

1193 2548 1278 2607 σοφοί.

1559 2665 1607 2723 σ6.

1229 2786 1370 2863 Georgid.
1395 2789 1532 2851 Gnomol.
1556 2794 1587 2852 in
1607 2796 1740 2857 Boisson.
1761 2800 1874 2861 Anecd.
1902 2816 1924 2861 t.
1950 2807 1971 2872 l,

1189 2896 1220 2951 p.
1238 2897 1273 2953 91
1293 2898 1300 2934 ε
1318 2877 1357 2936 Τὸ
1372 2880 1455 2959 εὑρεῖν
1471 2880 1553 2961 ἄνδρα
1566 2884 1658 2944 πιστὸν
1674 2884 1748 2965 ἔργον
1769 2887 1839 2947 ἐστί·
1860 2890 1970 2969 perilot

1191 2964 1219 3023 et
1234 2966 1331 3036 πλῆθος
1344 2965 1521 3045 ἀναρίθμητον
1534 3016 1541 3028 .
1553 2971 1625 3043 Quae
1635 2974 1786 3035 Aristoteli
1798 2978 1876 3036 male
1892 2980 1970 3057 apud

1189 3053 1313 3112 eundem
1335 3054 1476 3114 tribuitur
1495 3062 1638 3119 sententia
1655 3082 1686 3139 p.
1702 3084 1734 3139 9,
1755 3084 1814 3123 αοα
1833 3066 1920 3125 illius
1930 3081 1971 3126 est

1188 3143 1239 3201 sed
1254 3141 1457 3204 Demosthenis
1473 3147 1504 3204 in
1516 3148 1568 3207 Or.
1589 3149 1626 3208 ‹le
1638 3150 1766 3225 Corona,
1783 3155 1891 3229 3252.

1554 3310 1605 3362 ορ.

1228 3423 1317 3484 lirrtil.
1330 3427 1430 3504 Lupus
1442 3426 1479 3485 de
1491 3427 1609 3504 Figuris
1618 3428 1746 3489 Sentent.
1761 3430 1789 3503 l,
1799 3454 1825 3492 c.
1840 3434 1876 3489 6:
1892 3438 1967 3491 item

1187 3514 1380 3573 Anrsroranns
1394 3518 1498 3572 dicitur
1505 3521 1612 3575 dixisse
1626 3539 1635 3574 .·
1648 3521 1718 3592 Ejus
1727 3528 1889 3579 essevitam
1904 3525 1970 3579 bea·

1555 3688 1594 3732 22.

1217 3764 1254 3813 tta
1268 3766 1297 3813 ut
1315 3762 1400 3813 riuum
1416 3766 1568 3827 temperatur
1580 3766 1740 3817 convivarum
1752 3768 1876 3831 moribus,
1891 3770 1930 3820 ita
1944 3774 1969 3820 et

1185 3850 1293 3900 amicitia
1306 3850 1406 3914 ingeniis
1415 3864 1501 3901 corum
1514 3852 1557 3916 qui
1571 3865 1600 3902 ea
1609 3855 1723 3904 utuntur.

1549 3987 1589 4034 23.

1214 4080 1363 4145 Principium
1383 4082 1492 4132 omnium
1511 4081 1632 4145 optimum
1651 4082 1728 4144 deus,
1753 4083 1879 4135 virtutum
1906 4100 1970 4135 reru

1182 4166 1268 4229 pietas.

1546 4274 1586 4321 tt.

1212 4382 1303 4429 Omnes
1318 4379 1381 4440 iere,
1395 4378 1534 4442 quicunque
1552 4379 1642 4429 nostris
1661 4378 1805 4430 libidinibus
1817 4380 1970 4446 indulgent,

1180 4465 1210 4515 iis
1222 4466 1419 4531 obtemperamus
1431 4471 1457 4518 et
1469 4480 1511 4516 eos
1519 4480 1567 4516 αοα
1584 4467 1665 4516 sotum
1682 4466 1817 4518 benevolos
1825 4469 1877 4518 sed
1886 4472 1918 4519 et
1931 4484 1973 4517 so

1180 4554 1217 4605 los
1231 4567 1303 4604 veros
1320 4567 1374 4605 esse
1385 4554 1451 4603 viros
1462 4556 1594 4619 putamus;
1606 4554 1669 4605 male
1684 4557 1768 4605 autern
1780 4554 1915 4605 Ιτσθεταας
1926 4558 1972 4619 qni

1180 4654 1225 4690 nos
1241 4640 1273 4690 ad
1286 4654 1371 4690 οσαατα
1382 4642 1489 4690 mentem
1505 4653 1625 4690 revocare
1640 4639 1750 4690 student.

1546 4771 1584 4816 25.

1210 4878 1289 4943 Loqui
1299 4880 1396 4941 oportet
1409 4880 1439 4927 ut
1447 4876 1571 4941 plerique,
1584 4877 1692 4939 cogitare
1702 4890 1763 4927 vero
1774 4880 1805 4928 ut
1814 4879 1967 4943 sapientes.

1543 4986 1581 5030 26.

381 4992 503 5053 Quidnam
519 4995 658 5049 esthemo?
669 4998 848 5050 imbecillitatis
863 5000 1010 5065 menmium,
1027 5005 1122 5066 tempo·

348 5080 384 5131 ris
395 5081 508 5147 spolium,
520 5082 625 5134 fortunae
635 5098 729 5149 cursus,
747 5086 916 5139 inconstantia
925 5088 1014 5153 imago,
1025 5087 1124 5170 ipsidiro
1208 5086 1295 5136 tirum
1312 5086 1390 5136 lidum
1402 5086 1509 5137 iuvenire
1523 5099 1586 5150 opus
1598 5089 1637 5137 est
1649 5106 1655 5135 τ
1666 5086 1789 5138 malorum
1806 5101 1876 5139 rem
1895 5088 1971 5137 inuu-
2027 5135 2028 5140 ,

350 5174 376 5222 et
387 5169 532 5221 calamitatis
545 5171 655 5223 trutina:
669 5174 792 5237 reliquum
808 5188 868 5226 rero
878 5176 967 5239 pituita
981 5179 1007 5226 et
1016 5175 1083 5225 bitis.
1177 5172 1302 5224 merabilis
1316 5176 1354 5224 est
1363 5172 1506 5223 multitudo.
