4134 6134
807 426 1032 491 Divisionum
1661 443 1718 500 tor

102 559 167 639 τρία·
185 554 243 614 ἔστι
255 554 307 634 γίιρ
318 557 397 616 αιἰτοῦ
406 556 435 616 ίν
453 555 503 634 μὶν
519 557 551 615 τὸ
562 566 674 637 πρᾶγμα
684 559 779 632 ἀληθὲς
794 549 880 635 εἶναι,
978 561 1263 626 illidentium.
1277 565 1312 633 tt
1327 585 1334 624 τ
1347 570 1492 646 Διαιρεῖται
1503 571 1555 628 τῶν
1565 573 1718 648 ῖπιττημῶν

103 645 129 704 ἓν
146 645 174 704 δὲ
188 641 232 703 τὶν
248 643 342 722 λόγον,
358 643 387 704 θν
400 643 428 702 δὲ
440 645 471 704 τὸ
481 643 690 725 συναμρότερον.
710 645 792 708 Ἐστι
807 647 835 707 dl
852 649 883 708 τὸ
939 651 958 719 ἡ
970 648 1056 727 κρίσις
1069 651 1106 716 εὶς
1118 649 1188 730 τρία·
1199 649 1257 709 όστι
1270 647 1322 730 γΔρ
1334 652 1421 711 αὖτῦνν
1436 650 1463 711 ίν
1479 651 1527 731 μὲν
1543 653 1575 714 ἂν
1588 649 1717 736 ἧβιλτιό-

105 741 215 810 πρᾶγμα
239 730 335 804 tinuit
356 729 419 791 όταν
434 722 453 812 ᾖ
477 731 560 801 οῦτως
580 731 641 811 ἔχον
655 733 702 792 καὶ
715 737 762 795 αὶκ
783 736 882 808 ἄλλως,
939 734 1019 808 νωνῆ
1033 736 1193 809 καλλιόνων,
1206 736 1233 794 ἓν
1244 737 1272 798 θὶ
1286 735 1319 796 ἀν
1331 729 1350 818 ᾖ
1364 739 1548 820 συμμερόντων
1561 723 1660 821 μάλλον
1671 748 1718 806 καὶ

106 811 157 880 οἷον
173 820 203 878 τὸ
222 818 268 878 τὀν
292 818 350 878 θεὸν
363 819 493 880 ἆθάνατον
517 809 594 878 εἶναι·
612 819 693 888 οὕτως
712 820 764 901 γὰρ
783 822 840 904 ἔχει
853 824 883 882 τό
938 824 1165 903 κατεπειγόντων,
1180 823 1207 884 θν
1222 827 1251 886 dl
1264 813 1325 906 ἀνί,
1344 829 1397 886 τῶν
1408 827 1600 910 ἀκριόεστίρων
1619 835 1719 907 μᾶλλον

105 919 215 986 πρᾶγμα
235 906 281 965 καὶ
295 907 344 966 οῦκ
357 907 455 974 ἄλλως.
477 906 517 968 Τθ
539 904 567 966 δὲ
587 906 689 988 λόγοιν,
705 901 792 978 oiri<
811 913 882 971 turra
941 910 970 968 θὶ
989 910 1035 970 καὶ
1059 913 1095 979 τίς
1114 909 1247 980 ἀπόδειξιν
1263 911 1458 973 συντεινόντων.
1473 911 1554 974 Ἐστι
1576 919 1604 976 δὲ
1625 920 1655 978 τὸ
1669 923 1716 998 μὲν

104 993 203 1065 ἀληθὴς
223 991 312 1072 λόγος’,
326 999 374 1055 τοῦ
396 996 510 1068 ἀληθοῦς
525 995 605 1056 ίατίν·
620 995 682 1057 ἔστι,
697 997 750 1078 γὶερ
772 1002 787 1057 ό
807 999 883 1076 λόγος
940 999 1081 1076 βελτιόνων
1101 999 1147 1059 καὶ
1167 1001 1312 1060 καλλιόνων
1335 991 1389 1061 οἷον
1410 1008 1427 1074 ἡ
1457 1003 1718 1082 ἀνδριαντοποιητικὴ

103 1089 211 1160 πρᾶγμα
226 1081 279 1140 ont
291 1081 428 1161 τὸνλόγον
443 1087 537 1142 τοῦτον
552 1081 592 1144 όν.
606 1085 647 1144 Τὸ
658 1085 686 1145 di
701 1086 788 1166 λέγειν
804 1084 844 1145 ότι
858 1087 883 1144 οἱ
939 1084 1020 1166 τέχνη
1029 1087 1099 1159 καὶὴ
1108 1089 1372 1166 ἀγαλματοποιητικὴ
1379 1090 1667 1176 καὶὴπορρυροῦαρικὴ
1674 1099 1718 1156 καὶ

103 1170 233 1248 ἅνθρωποι
244 1167 361 1251 ἀμψυγοί
374 1175 443 1243 ιῖσι,
464 1170 511 1231 καὶ
525 1175 540 1231 ό
554 1171 629 1250 λόγος
644 1164 743 1248 ἀληθής
759 1175 816 1233 ίατι
836 1174 883 1233 καὶ
941 1175 969 1232 αὶ
978 1180 1105 1234 τοιαῦται·
1119 1173 1304 1256 συμφερόντων
1313 1175 1340 1236 δὲ
1349 1177 1500 1253 καὶμᾶλλον
1513 1181 1718 1259 κατεπειγόντων

104 1255 132 1314 τὸ
143 1264 267 1334 πρᾶγμα.
940 1249 1028 1346 οἷονή
1046 1260 1248 1336 σκευοποιητικὴ
1267 1263 1313 1322 καὶ
1324 1265 1476 1340 οἰκοδομικὴ
1487 1265 1532 1324 καὶ
1548 1269 1576 1325 αὶ
1590 1273 1718 1330 τοιαῦται·

141 1343 258 1405 XLVII.
273 1344 346 1404 cod.
362 1344 450 1406 Marc·
461 1347 498 1405 31
513 1365 522 1406 τ
535 1350 684 1427 Διαιρεῖται
696 1345 728 1405 τὸ
741 1349 834 1428 ψεῦδος
848 1350 883 1415 είς
940 1349 1135 1431 ἀκριόεστίρων
1145 1350 1173 1411 δὲ
1183 1350 1229 1412 καὶ
1240 1351 1340 1429 μᾶλλον
1348 1354 1384 1419 είς
1393 1351 1523 1420 ἀπόδειξιν
1536 1359 1719 1418 συντεινόντων

102 1430 168 1509 τρία·
179 1430 299 1511 ἔστιγὰρ
310 1434 391 1494 αὐτοῦ
401 1433 429 1493 θν
440 1433 689 1514 μὲντθτθπρῦγμα
702 1421 881 1516 είναιψιῦθος,
941 1437 971 1496 αί
986 1459 1016 1496 τε
1030 1439 1216 1516 μαθηματικαὶ
1232 1438 1309 1512 καὶὴ
1323 1440 1475 1522 φιλοσοφία.

101 1519 128 1578 ίν
145 1516 172 1577 δὲ
185 1518 233 1578 τόν
247 1520 340 1600 λόγον,
356 1521 384 1581 όν
398 1520 428 1584 θλ
440 1522 472 1580 τὸ
489 1522 697 1604 συναμρότιρον.
717 1522 758 1583 Τθ
773 1522 822 1601 μὶν
837 1513 883 1584 οῦν
980 1523 1016 1586 L.
1031 1524 1106 1588 Cod.
1125 1526 1216 1589 Marc.
1235 1527 1271 1584 35
1293 1547 1302 1587 z
1318 1532 1466 1609 Διαιρεῖται
1488 1533 1501 1588 ό
1522 1531 1667 1612 στρατηγὸς
1681 1538 1718 1602 εὶς

100 1610 213 1688 πρᾶγμά
229 1611 284 1669 tan
301 1613 395 1759 &doc
415 1611 479 1672 ὅταν
493 1611 532 1690 μὴ
556 1609 639 1680 οὕτως
656 1609 706 1691 ἔχῃ
720 1613 756 1679 ὣς
777 1611 884 1692 λόγιτσι
939 1615 1012 1694 τρία·
1026 1613 1084 1676 ἔστι
1096 1614 1148 1695 γθιρ
1165 1613 1183 1686 ἢ
1198 1617 1235 1696 τῷ
1249 1614 1322 1696 νόμῳ
1336 1615 1481 1696 στρατηγὸς
1492 1613 1510 1687 ἢ
1520 1618 1589 1676 κατθ
1608 1621 1719 1696 δύναμίν

100 1697 155 1754 ἀλλ’
171 1695 306 1771 ἀλλως,ο
358 1701 373 1757 ό
398 1689 575 1780 καθήμενοςῇ
591 1697 710 1772 ίσιηκεὶνς
726 1698 745 1770 ἢ
762 1701 883 1769 tironi<
939 1703 1058 1762 τινακαὶ
1074 1701 1241 1782 πραγμότων
1256 1702 1363 1784 κυρείαν
1385 1705 1558 1785 στρατηγὸςῆ
1578 1707 1719 1768 κατθιίπι·

100 1783 224 1864 [με’λας].
236 1783 272 1846 ‘0
286 1786 399 1865 θὶλόγος
411 1788 488 1848 ἔσται
500 1787 599 1870 ψευδὴς
621 1786 685 1848 όταν
703 1809 743 1854 τις
758 1788 824 1869 λόγη
838 1791 882 1850 τόν
939 1789 1056 1866 στήμην.
1069 1787 1150 1852 Ἔστι
1162 1789 1189 1850 di
1202 1794 1217 1849 ό
1229 1789 1279 1868 μὶν
1294 1789 1362 1851 κατὰ
1374 1791 1455 1868 νόμον
1470 1795 1617 1874 στρατηγὸς
1628 1786 1681 1855 οἷον
1696 1801 1720 1857 οἱ

99 1876 183 1946 ἀληθῆ
197 1873 276 1951 λόγον
296 1867 363 1935 εἶναι
384 1877 484 1958 ψευδῆ,
503 1862 557 1937 οἷον
572 1879 587 1935 ό
600 1875 741 1956 λίγωντθν
754 1878 815 1959 περὶ
834 1887 881 1940 τοῦ
939 1878 967 1938 ἀν
988 1883 1047 1947 ταῖς
1060 1878 1168 1938 πόλεσιν
1183 1879 1351 1960 αίροόμενοι,
1373 1884 1387 1939 ό
1407 1879 1433 1940 δὲ
1450 1879 1520 1940 κατθι
1539 1882 1718 1960 ίπιοτνίμηνό

99 1966 155 2019 θεοῦ
175 1961 273 2042 λόγον,
287 1955 342 2022 οἷον
363 1967 377 2023 ό
399 1963 484 2043 λόγων
499 1965 642 2044 [delenda
654 1966 712 2024 tria
730 1967 816 2044 vom]
841 1968 882 2028 ότι
939 1968 1008 2046 ἔχων
1020 1965 1069 2038 τὴν
1082 1965 1261 2046 στρατηγικὴν
1274 1969 1440 2046 ἐπιστήμην,
1454 1967 1508 2030 όθὶ
1522 1969 1591 2028 κατθι
1607 1969 1717 2050 δύναμίν

98 2048 153 2110 ἔστι
167 2050 241 2123 θεὸς,
253 2051 299 2110 καὶ
313 2057 405 2112 τοῦτον
419 2051 553 2132 όρόσκων
564 2053 649 2132 ψευδῆ
663 2043 745 2125 εἶναι,
755 2051 792 2115 ‘0
805 2054 880 2135 λόγος
937 2077 997 2113 τινα
1009 2053 1056 2114 καὶ
1068 2054 1234 2135 πραγμάτων
1248 2056 1353 2134 κυρείαν
1367 2047 1420 2116 οἷον
1434 2059 1448 2115 ό
1462 2056 1514 2115 ίιιτό
1524 2079 1593 2125 τινος
1607 2058 1719 2118 ἀπιστα·

97 2130 171 2205 οὗτός
183 2142 241 2198 ἐστι
258 2139 365 2222 ψευδής·
380 2141 410 2201 οὐ
424 2139 477 2222 γάρ
488 2143 558 2201 όστιν
569 2141 622 2202 ὑπὸ
636 2140 681 2200 τὸν
697 2141 775 2220 λόγον
789 2149 880 2204 τοῦτον
936 2141 989 2210 θεὶς
1001 2139 1019 2213 ἢ
1031 2143 1108 2209 αὐτὸς
1119 2143 1162 2222 ὑφ’
1175 2145 1268 2203 ἑαυτοῦ
1283 2143 1370 2224 κόριος
1381 2145 1528 2225 χρημάτων
1540 2145 1586 2203 καὶ
1603 2168 1716 2226 στρατι-

96 2235 213 2306 πρᾶγμα
226 2227 299 2287 οὐδὲν
314 2229 384 2289 tiit
398 2232 413 2287 ό
426 2229 512 2308 λόγος.
530 2227 564 2288 ‘0
580 2227 608 2286 δὶ
620 2225 706 2305 λόγων
717 2229 766 2301 τὴν
777 2229 879 2310 ἡμέραν
935 2235 1011 2291 ωτιῦν
1023 2229 1171 2310 γενόμενος.

95 2317 177 2374 νόκτα
192 2307 323 2376 εἶναικαὶ
342 2317 372 2377 τὸ
385 2325 497 2395 πρᾶγμα
509 2317 604 2397 ψεῦδος
616 2316 671 2396 ἕρεῖ
681 2316 780 2376 καὶτὸν
793 2318 879 2398 λόγον.
976 2319 1026 2380 hi.
1050 2317 1124 2380 eod.
1143 2319 1234 2381 Marc.
1257 2323 1292 2394 37
1310 2324 1501 2398 :Arurpuiivrm
1523 2323 1550 2382 αί
1570 2321 1673 2399 μέθοδον
1688 2326 1715 2382 αἱ

133 2403 270 2465 inviti.
288 2405 362 2467 cod.
380 2404 470 2467 Marc.
488 2406 525 2464 32
542 2425 551 2465 :
566 2407 745 2485 Διαιρεῖταιὴ
760 2406 826 2482 τιμὴ
844 2409 881 2474 τίς
937 2406 1019 2475 τίςτθ
1033 2405 1212 2487 προόλήματα
1225 2408 1261 2474 είς
1283 2405 1358 2489 τρία·
1375 2407 1426 2466 είσὶ
1440 2407 1492 2487 γὰρ
1511 2409 1598 2470 αὐτῶν
1619 2413 1646 2469 αί
1668 2409 1716 2487 μὲν

95 2492 165 2572 τρία·
177 2493 237 2553 ἔστι
251 2492 303 2574 γάρ
319 2497 401 2566 αὐτῆς
413 2494 443 2554 ἓν
456 2492 504 2571 μὶν
520 2496 557 2562 τίς
567 2493 693 2576 ἀργυρίου
705 2493 799 2574 λόγον,
814 2494 842 2553 όν
853 2497 881 2555 δὲ
936 2492 1074 2574 κριτικαί,
1098 2496 1126 2552 al
1151 2491 1177 2552 δὲ
1193 2493 1369 2573 θεωρητικαί,
1392 2495 1420 2553 αὶ
1433 2495 1461 2554 δὲ
1485 2493 1625 2574 ἀριστικαί.
1662 2497 1717 2557 Καὶ

96 2585 131 2649 εὶς
144 2579 257 2641 ἐπαίνου
271 2581 366 2662 λόγον,
380 2581 408 2642 ἓν
426 2579 454 2641 δὶ
468 2585 505 2649 είς
513 2581 655 2665 θεραπείας
668 2581 737 2650 τινθς
754 2582 800 2641 καὶ
818 2585 882 2642 ἐπι·
937 2581 1055 2661 κριτικαί
1071 2578 1119 2658 μίν
1134 2583 1198 2640 τίσιν
1217 2573 1259 2649 αἶς
1274 2582 1305 2641 τό
1321 2580 1423 2661 βάλτιον
1438 2581 1526 2642 καὶτὸ
1546 2589 1635 2662 χεῖρον
1657 2583 1714 2642 θια-

96 2669 204 2744 μιλείας
216 2668 305 2746 λόγον.
319 2670 360 2731 Τὸ
378 2668 426 2746 μὶν
447 2661 492 2730 οῦν
510 2673 547 2738 εἰς
566 2669 693 2751 ἀργυρίου
708 2670 787 2750 λόγον
810 2671 881 2731 ἐστὶν
936 2670 1074 2750 κρίνομεν,
1098 2660 1151 2730 οἷον
1176 2671 1285 2751 πότερον
1319 2671 1422 2750 βέλτιον
1453 2669 1603 2744 δικαιοωίνη
1627 2670 1645 2742 ἢ
1670 2674 1719 2730 ἄν-

95 2756 154 2824 ἀξία
170 2759 198 2816 ἐν
215 2756 312 2837 πρόσει
326 2759 373 2817 καὶ
382 2757 492 2833 ὠνήσει,
504 2749 557 2818 οἷον
572 2758 633 2827 ἀξία
644 2763 691 2829 τῆς
704 2762 783 2835 τιμῆς
794 2759 881 2840 papir
936 2757 1025 2837 δρεία·
1042 2758 1198 2837 θεωρητικαὶ
1213 2759 1241 2819 δὲ
1256 2749 1296 2825 αἶς
1310 2763 1457 2838 θεωροῦμεν
1476 2758 1506 2818 τὸ
1519 2763 1652 2832 τοιοῦτον,
1666 2750 1718 2820 οἷον

97 2836 173 2904 εἶναι·
189 2845 257 2905 τὸδὲ
272 2848 308 2912 εὶς
320 2845 427 2904 ἀπαίνοο
438 2844 516 2922 λόγον
531 2834 609 2918 εἶναι,
619 2836 672 2905 οἷον
685 2848 713 2904 αὶ
727 2849 753 2904 ἐν
763 2855 823 2914 ταῖς
835 2845 881 2907 πό-
936 2846 1046 2924 πότερον
1072 2846 1166 2904 ταύτὸν
1182 2844 1255 2913 νόσος
1278 2846 1348 2904 ἐστὶν
1370 2844 1445 2926 θγείερ
1469 2843 1515 2906 καὶ
1538 2844 1622 2926 εὐεξίᾳ
1641 2845 1719 2918 λοῦ·

94 2935 150 2994 λεσι
160 2933 239 3011 τιμαὶ
250 2933 284 2994 δι’
298 2932 368 3001 ἀνίας
378 2933 484 3012 πράξεις
503 2933 639 3014 γινόμεναι
648 2933 695 2994 καὶ
705 2935 801 3015 δωρεαὶ
813 2934 881 2994 διδό·
937 2931 1067 3012 ἐριστικαὶ
1079 2931 1106 2991 δὲ
1122 2923 1163 2999 αἶς
1177 2931 1235 2999 τοὺς
1249 2931 1323 3012 όροος
1338 2936 1506 3012 ἀναιροῦμεν,
1518 2922 1572 2991 οἷον
1585 2935 1633 2992 οὐκ
1649 2936 1718 2996 ἔστιν

95 3045 183 3097 μεναι·
200 3022 232 3081 τό
245 3019 273 3081 δὲ
290 3025 326 3088 εἷς
339 3022 479 3103 θεραπείας
494 3023 571 3101 λόγον
586 3024 631 3084 καὶ
646 3022 809 3100 ἐπιμελείας,
825 3013 879 3083 οἷον
940 3019 1024 3088 εὐεξία
1035 3021 1167 3096 σωμάτων
1180 3024 1197 3090 ἡ
1213 3019 1354 3100 κρατίστη.

94 3111 138 3169 τὸν
154 3110 347 3187 θεὸντιμῦμεν
362 3112 487 3191 θεραπεία
505 3110 557 3172 τινὶ
571 3111 618 3172 καὶ
632 3111 769 3193 ἀπεμιλείρ
795 3111 881 3190 τινός,
977 3108 1041 3168 Lll.
1054 3109 1130 3169 Cod.
1144 3107 1234 3169 blare.
1252 3109 1290 3166 38
1308 3107 1475 3187 τΔιαιρεῖται
1488 3112 1506 3180 ἡ
1520 3107 1636 3180 λόπηεῖς
1650 3110 1719 3190 τρία·

99 3199 145 3256 καὶ
159 3197 224 3267 τοὶις
239 3202 323 3278 γονεῖς
335 3199 364 3260 δὲ
382 3203 518 3276 τιμῶμεν,
539 3198 635 3277 ὁμοίως
654 3199 681 3258 δὲ
700 3200 746 3259 καὶ
761 3200 795 3258 τὰ
810 3199 879 3261 ἀλλα
936 3197 993 3257 ἔστι
1007 3196 1058 3277 γθιρ
1072 3199 1153 3269 αὐτῆς
1168 3195 1195 3256 ἓν
1210 3197 1257 3274 μὶν
1280 3198 1307 3255 ἀν
1328 3188 1365 3265 οἷς
1385 3196 1514 3276 προσήκει
1533 3196 1577 3257 τόν
1593 3199 1718 3278 φρόνιμον

94 3287 128 3345 τὰ
139 3287 185 3347 tri
200 3286 343 3366 θεραπείαν
357 3286 492 3365 γινόμενα.
937 3287 1093 3363 λυπεῖσθαι,
1107 3283 1132 3344 ἓν
1145 3283 1173 3343 δὲ
1182 3285 1226 3343 ἐπὶ
1238 3289 1293 3352 τοῖς
1302 3284 1448 3364 ἀλλοτρίοις
1458 3285 1565 3363 ἀγαθοῖς
1573 3287 1619 3346 καὶ
1630 3288 1719 3355 κακοῖς

96 3523 152 3558 rara
165 3511 203 3558 ost
216 3521 292 3571 quom
305 3507 337 3556 ita
356 3521 383 3556 ae
398 3507 506 3558 habetet
517 3508 653 3570 annaliter,
666 3507 731 3558 velut
746 3507 819 3557 deum
828 3520 883 3557 esse
937 3507 1070 3556 secundum
1084 3505 1260 3555 observantiam
1273 3508 1298 3554 et
1311 3504 1417 3555 alodium
1433 3504 1507 3555 doum
1517 3506 1664 3556 honoramus
1676 3507 1719 3556 ob

93 3595 277 3646 immortalem:
290 3595 323 3645 ita
336 3595 400 3644 enim
413 3608 454 3644 res
471 3609 498 3646 se
515 3595 621 3645 habetet
640 3608 689 3645 oon
705 3595 784 3645 aliter.
796 3594 882 3646 Dicere
937 3593 1057 3645 serrantia
1069 3593 1172 3658 quadam
1184 3596 1208 3644 et
1220 3593 1315 3652 studio,
1328 3595 1351 3644 et
1364 3594 1473 3657 parentes
1484 3594 1632 3644 honoramus
1643 3597 1667 3644 el
1678 3607 1719 3644 oe·

95 3685 177 3731 autem
199 3683 248 3731 boo
261 3681 325 3743 qarod
344 3681 399 3731 diuo
415 3696 499 3732 rarum
515 3683 566 3745 ost,
585 3694 643 3746 para
658 3685 696 3732 est
715 3683 782 3744 reri;
800 3696 882 3734 sermo
936 3687 987 3733 tera
997 3697 1053 3747 ηοω
1064 3695 1107 3746 per
1116 3682 1292 3732 observantiam
1306 3681 1374 3732 finni.

94 3769 158 3818 euim
176 3782 216 3818 res
228 3772 267 3818 ost
278 3783 333 3831 ηοω
346 3769 387 3819 isti
403 3770 511 3820 sermoni
522 3770 613 3820 subast.
627 3771 708 3828 Quum
725 3773 806 3821 autem
820 3771 880 3820 dioi-
965 3773 1050 3822 xllx.
1067 3771 1254 3836 Disciplinarum
1268 3770 1356 3820 divisio
1370 3769 1395 3820 in
1410 3771 1457 3820 tria
1478 3771 1504 3820 iit
1519 3783 1717 3834 panormeorum

95 3858 134 3904 tur
149 3856 264 3906 bonrinea
272 3857 391 3908 animatos
402 3870 466 3919 mse,
477 3871 534 3908 oom
543 3869 626 3908 sermo
639 3870 712 3906 veros
721 3860 759 3908 esi
768 3859 821 3907 tom
831 3871 879 3907 res.
935 3861 998 3912 enim
1012 3859 1066 3911 aliae
1083 3863 1212 3910 versantur
1227 3859 1252 3909 in
1266 3858 1361 3922 iisquaa
1381 3858 1433 3908 aire
1446 3857 1583 3922 pulchriora
1601 3856 1652 3906 atre
1668 3870 1718 3906 me·

124 3947 226 3995 xbvli.
246 3947 341 3996 Falarrm
352 3945 377 3996 in
391 3947 438 3996 tria
453 3945 569 3996 dividitur
588 3965 595 3995 ι
610 3959 685 3997 noum
699 3947 763 3996 onim
773 3949 810 3996 est
827 3960 878 3996 rem
936 3949 994 3998 liora
1001 3947 1160 4010 sonnatium
1171 3947 1305 3998 utilioribus
1316 3948 1341 3996 et
1353 3945 1429 4009 magia
1438 3944 1586 4009 urgentibus,
1598 3945 1651 3993 alim
1661 3958 1718 3994 reru

92 4033 180 4083 iaham
203 4047 272 4097 esse,
293 4048 369 4084 uuum
393 4047 544 4097 sermonem,
568 4048 645 4084 unum
669 4037 805 4098 ulnamque.
830 4035 880 4084 Res
934 4034 959 4085 in
977 4035 1144 4087 subtilioribus
1155 4037 1244 4098 atquae
1258 4032 1616 4096 maglsaddemonstratiouem
1630 4033 1716 4082 valent.

93 4122 153 4172 laisa
161 4127 287 4186 estonum
297 4137 346 4173 uon
355 4124 391 4174 aia
400 4138 426 4174 se
435 4124 507 4174 habet
516 4125 672 4187 animantur,
683 4124 749 4174 reiut
758 4124 778 4172 si
792 4123 880 4174 audeus
933 4123 960 4172 ln
974 4123 1116 4174 melioribus
1131 4127 1155 4173 ot
1176 4122 1352 4187 pulchrioribus
1369 4123 1496 4171 versantur
1509 4133 1549 4170 ara
1562 4119 1675 4169 statuaria
1694 4125 1718 4170 et

92 4214 142 4260 stat
158 4211 214 4259 sire
233 4210 302 4260 alhua
318 4210 385 4275 niger
398 4213 443 4261 eat.
460 4213 546 4262 Seruio
557 4211 633 4261 salsas
649 4215 686 4263 ost
700 4225 775 4274 quum
793 4211 880 4275 aliquis
934 4211 1075 4275 purpuraria
1096 4213 1120 4262 et
1141 4211 1221 4273 tales;
1241 4211 1266 4259 in
1288 4207 1424 4259 utilioribus
1442 4209 1468 4258 el
1485 4207 1562 4271 magis
1579 4205 1717 4269 urgentibus

91 4299 152 4347 dicit
165 4309 255 4345 rerum
267 4310 402 4348 sennonem
413 4299 498 4349 talsom
509 4313 573 4361 oasa,
586 4302 614 4350 nt
625 4301 664 4364 ηοῖ
676 4303 707 4350 de
717 4299 764 4350 deo
772 4298 829 4349 dicit
838 4297 879 4364 [ot
933 4299 1070 4350 utensilium
1083 4298 1213 4358 mutuatio,
1235 4297 1395 4347 architectura
1408 4297 1432 4348 et
1445 4295 1524 4359 tales;
1543 4295 1567 4344 iu
1583 4293 1716 4344 subtiliori·

92 4386 133 4448 qul
148 4383 211 4434 dicit
221 4383 293 4434 deum
300 4385 377 4450 mae],
387 4399 442 4436 aum
453 4400 516 4447 ease,
527 4402 599 4452 quem
612 4389 697 4451 siquis
710 4387 774 4438 dirat
788 4401 880 4438 senno
933 4388 979 4438 hus
991 4390 1016 4437 et
1027 4387 1103 4450 magis
1114 4387 1145 4436 ad
1157 4385 1385 4435 demonstrationem
1396 4383 1567 4444 tardantibus,
1584 4381 1716 4433 mathema.

91 4487 148 4521 aean
163 4471 333 4534 inhumanae,
346 4485 426 4523 semro
443 4474 518 4524 iatam
530 4477 588 4526 ast:
607 4476 672 4525 nulla
688 4475 753 4525 enim
771 4475 805 4526 illi
825 4489 877 4524 ser-
931 4477 985 4526 om
996 4477 1096 4526 artesat
1113 4474 1270 4538 philosophia.

92 4565 157 4614 muni
172 4565 261 4613 subest
281 4579 321 4614 ras
332 4565 374 4615 sod
389 4579 477 4617 sermo.
493 4567 540 4626 Qui
556 4581 615 4618 roro
634 4568 693 4618 diu't
709 4569 772 4618 diem
785 4572 879 4619 noctem
964 4566 992 4614 b.
1012 4565 1069 4613 Dux
1082 4563 1107 4612 in
1128 4565 1178 4612 tras
1195 4561 1310 4611 dividitur
1323 4561 1414 4624 spociea
1432 4577 1439 4609 ι
1460 4561 1498 4611 est
1514 4559 1577 4610 euim
1596 4559 1647 4609 sire
1664 4561 1716 4623 tego

91 4660 184 4703 assuat
202 4665 256 4702 rem
268 4655 292 4704 et
302 4666 438 4704 sermonem
452 4654 540 4705 laisum
549 4655 621 4707 diret.
816 4659 820 4666 '
932 4651 997 4714 dux,
1014 4651 1065 4701 aira
1085 4652 1183 4714 propter
1197 4649 1327 4713 potentiam
1345 4647 1450 4711 aliquam
1468 4649 1493 4698 et
1509 4661 1590 4697 rerum
1607 4646 1713 4696 domina-

121 4742 238 4795 ltbviil.
259 4744 322 4806 Τιμὴ
337 4743 432 4807 (grasse
444 4745 561 4806 pretium
576 4746 601 4794 et
616 4744 714 4806 donor)
727 4745 752 4794 in
770 4745 816 4794 tria
839 4745 878 4794 dr.
931 4737 1036 4800 tionem,
1048 4737 1100 4788 sire
1118 4740 1216 4800 proptor
1233 4735 1365 4785 solantium.
1383 4736 1488 4785 honest
1506 4734 1557 4798 loge
1578 4735 1606 4784 ut
1627 4733 1668 4797 qui
1690 4735 1715 4784 in

93 4827 201 4880 viditur:
215 4829 281 4879 aliud
303 4837 341 4881 est
358 4831 579 4895 genusaoouudum
599 4832 741 4896 pamniam,
756 4831 821 4882 alind
842 4847 879 4883 na-
931 4825 1032 4876 urbibus
1050 4825 1182 4888 dignatum
1205 4825 1302 4886 propter
1325 4823 1447 4873 scientiam
1470 4821 1511 4886 qui
1535 4821 1713 4884 imperatoriam

93 4919 202 4968 cundram
215 4918 402 4982 launomarus
419 4919 743 4970 nunaunooaemnoam
757 4921 879 4984 manaan
931 4915 1008 4964 artem
1030 4913 1155 4976 mastdetr
1184 4913 1282 4976 propter
1306 4911 1435 4974 potennan
1459 4911 1565 4974 aliquan
1589 4913 1613 4960 et
1634 4923 1714 4960 rerum

94 5012 117 5056 et
131 5007 252 5057 studium.
263 5008 400 5060 seeundum
412 5008 538 5073 pecuniam
547 5010 604 5072 τιμὴ
619 5009 748 5073 (pretinm)
762 5011 801 5059 est
813 5010 877 5060 aesti-
931 5001 1120 5053 dominationem
1134 4999 1175 5065 qui
1191 4999 1222 5050 ab
1234 4999 1314 5064 aliquo
1330 4999 1475 5049 constitutus
1485 4999 1523 5049 ast
1537 4998 1573 5048 rei
1586 5011 1629 5062 per
1639 5000 1716 5048 semet

95 5098 169 5146 matio
180 5096 206 5145 iu
221 5097 347 5147 vendemio
362 5100 387 5147 et
397 5097 509 5158 amandu
520 5099 587 5148 valui
599 5097 702 5148 dicimus
713 5097 801 5162 aliquid
824 5111 879 5162 pre·
933 5094 1013 5158 ipsum
1027 5092 1142 5143 domiuus
1155 5105 1230 5156 opum
1242 5093 1267 5142 et
1281 5091 1383 5141 militurn
1398 5089 1475 5140 taetus
1486 5091 1531 5148 eat.

95 5184 128 5233 tio
141 5184 243 5247 diurnum
262 5197 331 5247 οανος
351 5184 600 5249 smnudnmlaudom‚
613 5184 718 5236 honoras
733 5185 811 5248 quiin
826 5186 881 5236 oiri·
965 5183 1006 5233 tl.
1031 5179 1136 5232 Methodi
1149 5179 1179 5230 ad
1200 5179 1346 5244 problemata
1358 5177 1432 5229 trium
1444 5178 1501 5227 sunt
1515 5189 1629 5240 generum
1642 5193 1649 5224 s
1660 5177 1716 5225 sunt

96 5269 185 5320 tatibus
206 5270 351 5332 quibusdam
369 5272 438 5322 iactis
455 5273 570 5336 parantur
583 5272 608 5322 et
622 5270 685 5321 dona
697 5277 752 5335 ηοω
769 5269 858 5321 dantur
870 5255 889 5333 ς’
934 5270 998 5322 onim
1019 5270 1072 5322 sive
1093 5270 1199 5332 aritium,
1222 5267 1274 5320 siro
1296 5267 1449 5329 theoreticae,
1466 5266 1518 5316 aira
1541 5263 1713 5327 disputatoria.
