4134 6134
121 383 1699 476 mmmmm«

159 717 256 842 DE
303 707 683 842 INDICIBUS
730 708 1135 840 LIDRDRUM
1180 711 1677 908 ARISTOTELIS

543 1004 848 1100 EORUMQUE
886 1005 1294 1090 tttct'onttATtt.

155 1458 250 1528 Quum
277 1451 335 1512 tria
362 1450 422 1510 sint
446 1449 567 1507 omnino
589 1446 821 1506 testimoniorum
842 1465 892 1522 ge·
950 1447 1056 1506 deinde
1070 1448 1195 1524 singulis
1205 1450 1299 1509 titulis
1317 1452 1443 1530 appositi
1457 1473 1559 1512 eorum
1573 1456 1677 1515 seriem
1691 1458 1724 1516 in

115 1558 237 1613 nera,e
260 1537 368 1617 quibus
389 1535 607 1618 deperditarum
631 1535 795 1594 Aristotelis
816 1534 889 1593 scri·
951 1538 1058 1607 altero,
1075 1536 1126 1613 qui
1150 1537 1298 1615 Anonymi
1312 1552 1446 1612 vocetur,
1461 1541 1560 1600 indice
1573 1542 1721 1604 declarant

116 1641 234 1707 ptorum
256 1626 388 1684 notitiam
415 1625 534 1682 haurire
560 1623 665 1692 liceat,
692 1643 755 1700 quae
781 1620 818 1680 de
842 1621 888 1680 his
951 1634 983 1679 ut
1003 1622 1117 1683 facilius
1136 1624 1205 1683 inde
1225 1626 1420 1704 perspiciatur
1438 1628 1510 1704 quid
1530 1628 1649 1706 utrique
1668 1650 1722 1707 pe-

118 1715 196 1796 apud
227 1716 323 1794 ipsum
348 1710 556 1792 philosophum
596 1711 747 1786 leguntur,
785 1708 891 1768 tabulae
950 1711 1061 1770 culiare
1089 1712 1136 1772 sit.
1180 1714 1327 1772 Asterisco
1352 1727 1446 1772 autern
1472 1715 1514 1773 ita
1537 1717 1583 1774 usi
1608 1726 1724 1791 suiuus,

116 1803 222 1864 deinde
236 1803 383 1863 librorum
400 1801 452 1878 qui
472 1801 503 1859 in
519 1799 692 1877 antiquitate
706 1797 762 1857 suh
777 1798 891 1857 Aristo·
953 1810 984 1855 ut
1002 1799 1091 1858 semel
1113 1799 1229 1858 additus
1243 1800 1312 1860 illos
1331 1801 1497 1877 designaret
1509 1802 1626 1875 titulos,
1648 1824 1721 1882 quo·

118 1893 183 1951 telis
203 1890 322 1949 nomine
343 1887 579 1968 perimebantur,
597 1901 745 1967 postremo
768 1890 891 1948 variae
951 1905 1016 1944 rum
1041 1887 1152 1946 mentio
1172 1887 1245 1947 alibi
1271 1909 1388 1967 quoque
1412 1891 1555 1962 occurrit,
1582 1894 1725 1968 repetitus

117 1982 279 2060 deperditis
287 1980 373 2039 libris
384 1978 448 2056 ejus
458 1979 631 2054 fragmenta,
644 1997 697 2054 per
706 1978 888 2038 occasionem
950 1992 1038 2045 vero,
1057 1976 1109 2053 qui
1124 1975 1161 2034 ad
1174 1979 1347 2054 superstites
1360 1978 1531 2058 philosophi
1545 1978 1638 2038 libros
1656 2001 1723 2058 per·

121 2068 158 2127 ab
182 2068 312 2145 antiquis
330 2065 526 2144 scriptoribus
547 2064 650 2136 allata,
667 2064 893 2140 quaestionema
952 2061 1047 2121 tinere
1072 2063 1225 2135 videntum
1254 2066 1330 2122 inter
1346 2067 1492 2126 cancellos
1511 2087 1584 2126 vero
1607 2068 1722 2146 positus

121 2157 230 2216 tabulis
240 2153 439 2232 incipiendam
452 2152 608 2225 duximus,
620 2170 693 2228 ques
705 2151 833 2229 primum
848 2150 894 2209 in·
952 2149 1107 2210 asteriscus
1120 2149 1160 2229 (⁴)
1173 2151 1245 2210 tales
1258 2151 1369 2210 indicat
1383 2153 1489 2226 libros,
1505 2173 1523 2212 e
1537 2154 1647 2232 quibus
1667 2157 1722 2215 etsi

118 2258 212 2319 tegras
226 2259 415 2322 apponemus,
431 2240 467 2298 de
482 2239 667 2316 singularum
684 2251 785 2316 aetate,
800 2239 890 2298 ratio·
953 2255 1011 2294 non
1025 2237 1228 2307 nominantur,
1243 2238 1402 2313 fragments
1416 2253 1512 2300 tamen
1524 2239 1646 2298 fortasse
1660 2260 1721 2300 ser·

120 2328 223 2401 nibus,
241 2329 428 2398 auctoritate,
451 2347 537 2404 quam
558 2326 732 2386 brevissime
756 2326 890 2406 disputa·
950 2336 1016 2382 vata
1030 2337 1106 2385 suot.
1121 2325 1274 2400 Duplicem
1287 2325 1415 2404 denique
1428 2327 1565 2386 cancellis
1577 2328 1726 2387 inclusum

118 2419 190 2478 turi.
951 2409 1008 2491 (⁴⁴³)
1034 2413 1096 2471 illis
1110 2414 1300 2492 apposuimus
1314 2415 1429 2486 titulis,
1445 2416 1481 2475 de
1499 2415 1607 2493 quibus
1627 2417 1728 2476 minus

160 2512 239 2565 Inter
255 2505 343 2564 hosce
365 2523 434 2562 vero
449 2503 561 2563 indices
586 2515 618 2560 ut
640 2503 894 2580 antiquissimum,
953 2512 1064 2558 certum
1088 2515 1151 2578 est,
1175 2521 1213 2560 an
1243 2502 1279 2560 ad
1307 2501 1479 2581 superstites
1503 2502 1600 2562 libros
1620 2503 1724 2562 referri

121 2597 207 2652 itaet
227 2593 313 2667 longe
335 2591 610 2669 praestantissimum
631 2609 697 2650 eum
719 2608 783 2650 esse
803 2608 889 2667 quem
951 2585 1086 2648 debeant.

120 2682 266 2758 Diogenes
278 2679 412 2738 Laertius
427 2679 456 2738 in
468 2678 528 2736 vita
544 2677 713 2758 philosophi
728 2679 892 2754 exscripsit,
991 2673 1025 2732 ln
1052 2674 1217 2735 scribendis
1238 2678 1378 2754 Diogenis
1392 2679 1502 2738 Luertii
1515 2677 1616 2737 verbis
1634 2681 1727 2736 secuti

120 2769 267 2826 neminem
292 2766 391 2841 lugere
416 2767 537 2844 poterit.
580 2763 703 2823 Causam
732 2763 771 2822 oh
804 2784 891 2841 quam
953 2781 1055 2822 sumus
1077 2766 1292 2837 recensionem,
1316 2786 1403 2843 quam
1426 2779 1492 2846 post
1510 2766 1670 2838 (lebetum,
1688 2787 1724 2824 ex

121 2855 199 2914 hunc
211 2855 358 2930 integrum
373 2853 559 2931 apposuerit,
574 2851 635 2910 illis
653 2865 763 2910 tantum
779 2853 894 2910 omissis
950 2851 1223 2928 antiquissimorum
1244 2852 1329 2912 codd.
1341 2859 1442 2926 Lama,
1462 2855 1564 2927 Marc,
1585 2855 1728 2914 aliorum·

119 2942 208 3002 libris
219 2941 256 3001 de
271 2938 380 3018 quibus
394 2939 591 3016 ambigeretur
605 2941 613 3019 (
621 2939 659 3002 cs.
673 2939 708 3010 tt,
730 2941 765 3007 34
784 2960 792 2997 t
807 2941 893 3011 Δῆλον
951 2955 1008 3013 que
1020 2936 1214 2998 recentiorum
1233 2939 1390 2997 collatione
1400 2941 1528 2999 instituit
1552 2940 1669 3001 Rosius.
1681 2943 1724 2999 Cf.

118 3027 216 3084 ἐκτῶν
230 3033 472 3102 προγεγραμμενων
486 3027 717 3103 συγγραμμάτων,
733 3023 810 3086 dcis
825 3025 896 3104 spt-
950 3022 1016 3100 ejus
1038 3029 1199 3082 Aristoteles
1219 3029 1495 3105 Pseudepigrapltus.
1522 3027 1604 3108 Lips.
1635 3031 1723 3100 1863,

119 3111 171 3187 μὸν
186 3109 263 3190 ἐγγὺς
278 3109 337 3182 ἥκιι
355 3113 407 3168 τῶν
426 3111 617 3189 τετρακοσίων,
637 3111 671 3172 τὰ
689 3111 740 3172 dcc
756 3135 788 3192 γι
805 3113 893 3187 drap·
951 3133 981 3192 p.
1007 3135 1055 3172 ιι.

118 3201 262 3278 plicare),
279 3199 343 3278 ipse
367 3198 446 3258 hisce
471 3199 629 3258 declaravit
652 3199 755 3260 verbis
775 3199 810 3270 t,
829 3221 892 3258 ar:
1705 3226 1707 3229 ·

117 3287 273 3366 Συνέγραψε
285 3283 313 3345 dl
331 3285 360 3366 [ὁ
373 3285 570 3366 Ἀριστοτέλης)
590 3286 762 3364 πάμπλειστα
787 3286 890 3371 peili«,
1038 3280 1048 3358 l
1057 3281 1235 3342 ΔΙΑΛΟΙῸΙ
1258 3283 1321 3344 ΚΑΙ
1342 3283 1631 3363 impetitum.)

117 3373 190 3454 άπερ
208 3374 349 3433 ἀκόλουθον
362 3373 507 3452 ἡγησάμην
528 3373 681 3456 ὑπογράψει
695 3371 739 3432 διά
761 3373 808 3445 τὴν
830 3374 891 3453 περὶ
1307 3422 1309 3425 .
1424 3399 1427 3406 ·

116 3462 221 3529 πάντας
232 3459 324 3540 λόγους
337 3462 446 3540 τάνδρὸς
460 3461 567 3543 ἀρετήν.
609 3463 666 3520 Sed
675 3463 700 3522 si
714 3462 821 3537 dignus
831 3476 874 3523 est
882 3507 891 3536 ‚
996 3453 1022 3480 ¹*
1039 3455 1105 3536 Περὶ
1119 3455 1306 3529 &mollitum
1321 3457 1359 3534 α’,
1375 3457 1412 3537 β’,
1423 3458 1459 3537 γ’,
1472 3458 1507 3518 δ’·
1523 3461 1553 3536 (Ι)

116 3550 172 3628 qui
198 3551 237 3607 oh
263 3551 348 3608 talem
364 3569 463 3609 curam
481 3549 549 3628 jure
568 3550 704 3610 laudetur
728 3549 891 3626 Diogenes,
1010 3544 1024 3568 *
1044 3541 1111 3622 Περὶ
1124 3545 1267 3621 Ποιητῶν,
1280 3544 1315 3617 u',
1331 3549 1371 3624 β’,
1386 3543 1421 3623 γ’.
1439 3545 1474 3623 (ο)

119 3637 228 3697 melius
244 3637 330 3696 etiam
345 3636 382 3696 de
393 3636 480 3696 nobis
491 3639 648 3697 meriturus
663 3637 783 3709 suisset,
797 3639 823 3696 si
838 3638 895 3696 sin·
1010 3633 1023 3656 *
1039 3631 1105 3708 Περὶ
1116 3631 1294 3708 Φιλοσοφίας,
1306 3631 1345 3705 α’,
1362 3633 1397 3711 β’,
1408 3633 1446 3712 γ’.
1461 3634 1493 3707 (³)

115 3727 188 3802 gula
204 3725 350 3784 librorum
368 3743 488 3803 genera,
503 3725 584 3804 quod
598 3726 670 3786 alias
693 3724 786 3783 lacere
818 3745 895 3784 con·
1012 3719 1047 3796 Γ)
1069 3721 1211 3779 Πολιτικοῦ
1232 3719 1269 3792 α’,
1286 3719 1322 3797 β’.
1340 3721 1376 3796 (ι)

117 3814 236 3886 suevit,
264 3813 343 3872 inter
366 3831 398 3872 se
422 3812 616 3874 distinxisset.
671 3811 757 3882 Quod
801 3823 895 3872 tamen
975 3807 1023 3866 s*
1044 3804 1113 3884 Περὶ
1128 3804 1284 3887 Ῥητορικῆς
1299 3805 1316 3877 λ
1331 3805 1461 3886 Γρύλλος,
1474 3804 1508 3866 τ’.
1523 3806 1554 3886 (ο)

120 3920 216 3978 quum
239 3920 256 3958 a
271 3902 370 3980 primo
384 3898 537 3959 conditore
554 3899 641 3978 hujus
661 3899 767 3958 tabulae
791 3899 896 3958 lactum
1016 3896 1050 3969 (Ἴ
1067 3893 1212 3974 Νήρινθος,
1227 3894 1263 3954 α’.
1284 3897 1316 3969 (s)

118 4007 204 4061 esse,
217 3989 287 4049 satis
297 3988 452 4047 manifeste
465 3988 664 4047 demonstrent
677 3987 805 4058 indicia,
817 3987 897 4046 ordi·
1013 3982 1027 4005 *
1041 3980 1189 4061 Σοφιστὴς,
1199 3982 1237 4040 α’·
1253 3981 1285 4061 (⁸)

116 4095 190 4135 nem
202 4097 288 4155 quem
301 4077 353 4136 ille
364 4077 396 4136 in
410 4075 597 4136 recensendis
611 4076 794 4152 singulorum
806 4075 899 4134 libro-
1014 4069 1169 4141 λΙινιἘτνος,
1183 4069 1221 4130 α’.
1237 4070 1283 4149 (ιο)

119 4185 192 4222 rum
208 4165 302 4223 titulis
318 4164 540 4236 observaverit,
551 4164 649 4242 quoad
661 4162 847 4241 conjiciendo
863 4164 900 4222 li·
1014 4157 1027 4181 *
1041 4157 1199 4238 Ἐρωτικὸς,
1215 4158 1252 4218 α’.
1267 4159 1316 4232 (¹²)

117 4263 189 4322 cet,
204 4251 334 4311 indicare
348 4252 445 4310 conati
460 4271 579 4321 sumus,
592 4251 691 4310 eadem
705 4250 751 4309 usi
762 4248 901 4309 distribu·
974 4267 998 4305 ιο
1018 4249 1031 4273 ’
1049 4246 1218 4323 Συμπόσιον,
1232 4246 1271 4306 τ’.

119 4341 210 4399 tione
221 4359 307 4418 quam
320 4339 407 4416 plane
424 4340 535 4398 similes
549 4340 626 4418 apud
639 4339 799 4414 Diogenem
813 4337 901 4396 Laer-
1019 4338 1052 4410 ι’)
1070 4334 1136 4412 Περὶ
1152 4333 1288 4409 Πλούτου,
1300 4331 1337 4389 α’.
1354 4330 1389 4410 (ι)

117 4429 202 4488 tium
217 4429 272 4504 (cs.
288 4427 324 4498 ll,
341 4429 390 4499 Do,
407 4428 464 4505 86)
476 4427 591 4487 indices
602 4427 743 4504 praebent.
782 4425 901 4485 Numeri
1018 4423 1031 4447 '
1049 4419 1263 4503 Προτρεπτικὸς,
1281 4417 1317 4482 α’.
1331 4419 1379 4500 (ιε)

264 4673 408 4729 tortuosi
425 4673 465 4720 cr
482 4670 767 4731 nxnonranonus.)
1018 4641 1194 4791 gemell

191 4819 227 4866 De
235 4817 345 4878 Juslilla,
357 4820 375 4878 Ι,
385 4818 416 4879 tt,
430 4817 475 4878 ΙΙΙ,
487 4817 529 4865 lv.
1020 4817 1185 4876 Menexenus,
1199 4816 1218 4863 1.

192 4907 228 4954 Dc
241 4906 334 4966 Poetis,
348 4907 368 4965 1,
383 4907 413 4966 tt,
424 4906 469 4954 ΙΙΙ.
1020 4901 1168 4960 emeterius,
1182 4904 1201 4951 Ι.

192 4995 228 5042 De
243 4992 438 5056 Philosophie,t,
447 4993 480 5053 Π,
493 4993 535 5040 ΙΙΙ.
976 4995 1004 5039 to
1019 4988 1174 5048 convivium,
1191 4990 1215 5038 Ι.

193 5079 284 5129 Pollllu'
293 5080 315 5140 1,
326 5081 361 5131 tt.
394 5078 397 5090 '
804 5105 807 5111 ,
1020 5076 1210 5138 Bellintum.

157 5165 367 5219 eveniretoriea
381 5166 587 5231 decoquunt.
754 5194 758 5203 ·
1020 5165 1249 5227 cohortatorlus,t.

217 5263 382 5301 tusscorum.
394 5261 449 5298 roc.
463 5260 496 5298 ιν.
