<?xml version="1.0" encoding="UTF-8"?>
<!DOCTYPE html PUBLIC "-//W3C//DTD XHTML 1.0 Transitional//EN"
    "http://www.w3.org/TR/xhtml1/DTD/xhtml1-transitional.dtd">
<html xmlns="http://www.w3.org/1999/xhtml" xml:lang="en" lang="en">
 <head>
  <title>
</title>
<meta http-equiv="Content-Type" content="text/html;charset=utf-8" />
  <meta name='ocr-system' content='tesseract 3.04.00' />
  <meta name='ocr-capabilities' content='ocr_page ocr_carea ocr_par ocr_line ocrx_word'/>
</head>
<body>
  <div class='ocr_page' id='page_1' title='image "aristotelisoper12arisgoog_0239.png"; bbox 0 0 4134 6134; ppageno 0'>
   <div class='ocr_carea' id='block_1_1' title="bbox 799 465 1065 526">
    <p class='ocr_par' dir='ltr' id='par_1_1' title="bbox 799 465 1065 526">
     <span class='ocr_line' id='line_1_1' title="bbox 799 465 1065 526; baseline -0.011 -2"><span class='ocrx_word' id='word_1_1' title='bbox 799 465 1065 526; x_wconf 77' lang='lat' dir='ltr'><em>Pnostsstarn.</em></span> 
     </span>
    </p>
   </div>
   <div class='ocr_carea' id='block_1_2' title="bbox 123 593 898 1180">
    <p class='ocr_par' dir='ltr' id='par_1_2' title="bbox 432 593 589 670">
     <span class='ocr_line' id='line_1_2' title="bbox 432 593 589 670; baseline 0.051 -8"><span class='ocrx_word' id='word_1_2' title='bbox 432 601 468 662; x_wconf 80' lang='lat' dir='ltr'><em>u</em></span> <span class='ocrx_word' id='word_1_3' title='bbox 492 593 589 670; x_wconf 69' lang='lat' dir='ltr'><em>&lt;ssi</em></span> 
     </span>
    </p>

    <p class='ocr_par' dir='ltr' id='par_1_3' title="bbox 123 749 898 1180">
     <span class='ocr_line' id='line_1_3' title="bbox 169 749 896 826; baseline -0.004 -15"><span class='ocrx_word' id='word_1_4' title='bbox 169 755 203 812; x_wconf 92' lang='lat' dir='ltr'><em>ln</em></span> <span class='ocrx_word' id='word_1_5' title='bbox 220 751 298 810; x_wconf 84' lang='lat' dir='ltr'><em>libro</em></span> <span class='ocrx_word' id='word_1_6' title='bbox 315 770 338 809; x_wconf 81' lang='lat' dir='ltr'><em>s</em></span> <span class='ocrx_word' id='word_1_7' title='bbox 362 749 384 808; x_wconf 92' lang='lat' dir='ltr'><em>l.</em></span> <span class='ocrx_word' id='word_1_8' title='bbox 408 767 435 808; x_wconf 87' lang='lat' dir='ltr'><em>e.</em></span> <span class='ocrx_word' id='word_1_9' title='bbox 454 767 479 806; x_wconf 76' lang='lat' dir='ltr'><em>a</em></span> <span class='ocrx_word' id='word_1_10' title='bbox 501 749 644 826; x_wconf 83' lang='lat' dir='ltr'><em>inscripto</em></span> <span class='ocrx_word' id='word_1_11' title='bbox 660 770 668 806; x_wconf 93' lang='lat'><strong>:</strong></span> <span class='ocrx_word' id='word_1_12' title='bbox 684 753 832 826; x_wconf 85' lang='lat' dir='ltr'><em>Speculum</em></span> <span class='ocrx_word' id='word_1_13' title='bbox 849 772 896 808; x_wconf 89' lang='lat' dir='ltr'><em>sa·</em></span> 
     </span>
     <span class='ocr_line' id='line_1_4' title="bbox 123 839 898 918; baseline -0.004 -19"><span class='ocrx_word' id='word_1_14' title='bbox 123 848 229 918; x_wconf 83' lang='lat' dir='ltr'><em>pientie</em></span> <span class='ocrx_word' id='word_1_15' title='bbox 243 843 317 897; x_wconf 84' lang='lat' dir='ltr'><em>beati</em></span> <span class='ocrx_word' id='word_1_16' title='bbox 331 839 423 896; x_wconf 83' lang='lat' dir='ltr'><em>Cr&#39;rilli</em></span> <span class='ocrx_word' id='word_1_17' title='bbox 444 845 567 914; x_wconf 82' lang='lat' dir='ltr'><em>episcopi</em></span> <span class='ocrx_word' id='word_1_18' title='bbox 588 842 665 895; x_wconf 85' lang='lat' dir='ltr'><em>alias</em></span> <span class='ocrx_word' id='word_1_19' title='bbox 681 843 898 915; x_wconf 85' lang='lat' dir='ltr'><em>quadripartitus</em></span> 
     </span>
     <span class='ocr_line' id='line_1_5' title="bbox 124 925 894 1007; baseline 0.001 -21"><span class='ocrx_word' id='word_1_20' title='bbox 124 935 312 1007; x_wconf 80' lang='lat' dir='ltr'><em>apologeticus</em></span> <span class='ocrx_word' id='word_1_21' title='bbox 340 940 458 986; x_wconf 84' lang='lat' dir='ltr'><em>uocatus</em></span> <span class='ocrx_word' id='word_1_22' title='bbox 483 925 535 1006; x_wconf 86' lang='lat' dir='ltr'><em>(V.</em></span> <span class='ocrx_word' id='word_1_23' title='bbox 566 925 652 997; x_wconf 83' lang='lat' dir='ltr'><em>llain,</em></span> <span class='ocrx_word' id='word_1_24' title='bbox 682 931 793 1001; x_wconf 87' lang='lat' dir='ltr'><em>llepert.</em></span> <span class='ocrx_word' id='word_1_25' title='bbox 825 929 894 986; x_wconf 83' lang='lat' dir='ltr'><em>bibl.</em></span> 
     </span>
     <span class='ocr_line' id='line_1_6' title="bbox 129 1013 896 1094; baseline -0.004 -19"><span class='ocrx_word' id='word_1_26' title='bbox 129 1015 237 1094; x_wconf 71' lang='lat' dir='ltr'><em>iqui),</em></span> <span class='ocrx_word' id='word_1_27' title='bbox 258 1015 343 1093; x_wconf 86' lang='lat' dir='ltr'><em>cujus</em></span> <span class='ocrx_word' id='word_1_28' title='bbox 369 1027 398 1074; x_wconf 90' lang='lat' dir='ltr'><em>et</em></span> <span class='ocrx_word' id='word_1_29' title='bbox 424 1013 540 1072; x_wconf 88' lang='lat' dir='ltr'><em>codices</em></span> <span class='ocrx_word' id='word_1_30' title='bbox 564 1015 622 1072; x_wconf 88' lang='lat' dir='ltr'><em>duo</em></span> <span class='ocrx_word' id='word_1_31' title='bbox 651 1015 747 1074; x_wconf 89' lang='lat' dir='ltr'><em>Berol.</em></span> <span class='ocrx_word' id='word_1_32' title='bbox 773 1013 896 1072; x_wconf 87' lang='lat' dir='ltr'><em>contulit</em></span> 
     </span>
     <span class='ocr_line' id='line_1_7' title="bbox 129 1101 897 1180; baseline 0 -20"><span class='ocrx_word' id='word_1_33' title='bbox 129 1105 202 1162; x_wconf 83' lang='lat' dir='ltr'><em>llose</em></span> <span class='ocrx_word' id='word_1_34' title='bbox 213 1106 223 1178; x_wconf 90' lang='grc'><strong>(</strong></span> <span class='ocrx_word' id='word_1_35' title='bbox 233 1104 285 1180; x_wconf 92' lang='lat' dir='ltr'><em>qui</em></span> <span class='ocrx_word' id='word_1_36' title='bbox 296 1101 333 1160; x_wconf 89' lang='lat' dir='ltr'><em>de</em></span> <span class='ocrx_word' id='word_1_37' title='bbox 351 1114 467 1161; x_wconf 86' lang='lat' dir='ltr'><em>auctore</em></span> <span class='ocrx_word' id='word_1_38' title='bbox 484 1101 599 1177; x_wconf 84' lang='lat' dir='ltr'><em>Cyrillo</em></span> <span class='ocrx_word' id='word_1_39' title='bbox 611 1102 648 1160; x_wconf 89' lang='lat' dir='ltr'><em>de</em></span> <span class='ocrx_word' id='word_1_40' title='bbox 661 1101 839 1172; x_wconf 82' lang='lat' dir='ltr'><em>Qwidenon,</em></span> <span class='ocrx_word' id='word_1_41' title='bbox 854 1101 897 1160; x_wconf 90' lang='lat' dir='ltr'><em>ci·</em></span> 
     </span>
    </p>
   </div>
   <div class='ocr_carea' id='block_1_3' title="bbox 115 1189 898 2486">
    <p class='ocr_par' dir='ltr' id='par_1_4' title="bbox 115 1189 898 2486">
     <span class='ocr_line' id='line_1_8' title="bbox 121 1189 898 1268; baseline -0.008 -18"><span class='ocrx_word' id='word_1_42' title='bbox 121 1204 165 1250; x_wconf 85' lang='lat' dir='ltr'><em>tat</em></span> <span class='ocrx_word' id='word_1_43' title='bbox 178 1189 378 1268; x_wconf 80' lang='lat' dir='ltr'><em>Debroroslry,</em></span> <span class='ocrx_word' id='word_1_44' title='bbox 392 1190 554 1248; x_wconf 80' lang='lat' dir='ltr'><em>Gerelichte</em></span> <span class='ocrx_word' id='word_1_45' title='bbox 562 1193 615 1246; x_wconf 86' lang='lat' dir='ltr'><em>der</em></span> <span class='ocrx_word' id='word_1_46' title='bbox 622 1189 800 1248; x_wconf 76' lang='lat' dir='ltr'><em>bdirmisclten</em></span> <span class='ocrx_word' id='word_1_47' title='bbox 810 1189 898 1262; x_wconf 85' lang='lat' dir='ltr'><em>Spra·</em></span> 
     </span>
     <span class='ocr_line' id='line_1_9' title="bbox 120 1270 898 1352; baseline 0 -20"><span class='ocrx_word' id='word_1_48' title='bbox 120 1279 176 1334; x_wconf 79' lang='lat' dir='ltr'><em>cire</em></span> <span class='ocrx_word' id='word_1_49' title='bbox 187 1281 247 1334; x_wconf 87' lang='lat' dir='ltr'><em>und</em></span> <span class='ocrx_word' id='word_1_50' title='bbox 263 1281 424 1348; x_wconf 79' lang='lat' dir='ltr'><em>litteratus,</em></span> <span class='ocrx_word' id='word_1_51' title='bbox 445 1275 533 1350; x_wconf 81' lang='lat' dir='ltr'><em>Prag.</em></span> <span class='ocrx_word' id='word_1_52' title='bbox 559 1277 644 1346; x_wconf 80' lang='lat'><em>1818,</em></span> <span class='ocrx_word' id='word_1_53' title='bbox 657 1295 688 1352; x_wconf 90' lang='lat' dir='ltr'><em>p.</em></span> <span class='ocrx_word' id='word_1_54' title='bbox 704 1270 778 1351; x_wconf 76' lang='lat'><strong>296)</strong></span> <span class='ocrx_word' id='word_1_55' title='bbox 793 1273 842 1332; x_wconf 90' lang='lat' dir='ltr'><em>hic</em></span> <span class='ocrx_word' id='word_1_56' title='bbox 854 1285 898 1332; x_wconf 87' lang='lat' dir='ltr'><em>est</em></span> 
     </span>
     <span class='ocr_line' id='line_1_10' title="bbox 124 1367 896 1443; baseline -0.006 -20"><span class='ocrx_word' id='word_1_57' title='bbox 124 1367 264 1443; x_wconf 77' lang='lat' dir='ltr'><strong>prologus</strong></span> <span class='ocrx_word' id='word_1_58' title='bbox 278 1386 285 1421; x_wconf 75' lang='grc' dir='ltr'><em>τ</em></span> <span class='ocrx_word' id='word_1_59' title='bbox 298 1368 454 1423; x_wconf 87' lang='lat' dir='ltr'><em>Secundum</em></span> <span class='ocrx_word' id='word_1_60' title='bbox 468 1367 673 1421; x_wconf 85' lang='lat' dir='ltr'><em>Aristotelis</em></span> <span class='ocrx_word' id='word_1_61' title='bbox 687 1369 853 1420; x_wconf 88' lang='lat' dir='ltr'><em>sententiam</em></span> <span class='ocrx_word' id='word_1_62' title='bbox 867 1370 896 1418; x_wconf 89' lang='lat' dir='ltr'><em>in</em></span> 
     </span>
     <span class='ocr_line' id='line_1_11' title="bbox 124 1453 895 1526; baseline -0.003 -18"><span class='ocrx_word' id='word_1_63' title='bbox 124 1454 367 1510; x_wconf 85' lang='lat' dir='ltr'><em>Probleumatibus</em></span> <span class='ocrx_word' id='word_1_64' title='bbox 388 1458 455 1520; x_wconf 87' lang='lat' dir='ltr'><em>suis,</em></span> <span class='ocrx_word' id='word_1_65' title='bbox 480 1470 640 1525; x_wconf 79' lang='lat' dir='ltr'><em>quanquam</em></span> <span class='ocrx_word' id='word_1_66' title='bbox 658 1457 687 1506; x_wconf 89' lang='lat' dir='ltr'><em>in</em></span> <span class='ocrx_word' id='word_1_67' title='bbox 711 1453 848 1526; x_wconf 83' lang='lat' dir='ltr'><em>esernptis</em></span> <span class='ocrx_word' id='word_1_68' title='bbox 866 1457 895 1506; x_wconf 89' lang='lat' dir='ltr'><em>in</em></span> 
     </span>
     <span class='ocr_line' id='line_1_12' title="bbox 120 1540 896 1613; baseline -0.005 -17"><span class='ocrx_word' id='word_1_69' title='bbox 120 1543 292 1596; x_wconf 71' lang='lat' dir='ltr'><em>adducendo</em></span> <span class='ocrx_word' id='word_1_70' title='bbox 310 1542 457 1613; x_wconf 82' lang='lat' dir='ltr'><em>gaudeant</em></span> <span class='ocrx_word' id='word_1_71' title='bbox 471 1558 572 1605; x_wconf 89' lang='lat' dir='ltr'><em>omnes,</em></span> <span class='ocrx_word' id='word_1_72' title='bbox 589 1545 619 1594; x_wconf 87' lang='lat' dir='ltr'><em>in</em></span> <span class='ocrx_word' id='word_1_73' title='bbox 632 1540 789 1612; x_wconf 87' lang='lat' dir='ltr'><em>disciplinis</em></span> <span class='ocrx_word' id='word_1_74' title='bbox 802 1551 896 1593; x_wconf 89' lang='lat' dir='ltr'><em>tamen</em></span> 
     </span>
     <span class='ocr_line' id='line_1_13' title="bbox 124 1628 896 1702; baseline 0 -20"><span class='ocrx_word' id='word_1_75' title='bbox 124 1631 275 1684; x_wconf 81' lang='lat' dir='ltr'><em>moralibus</em></span> <span class='ocrx_word' id='word_1_76' title='bbox 289 1628 342 1684; x_wconf 80' lang='lat' dir='ltr'><em>hoc</em></span> <span class='ocrx_word' id='word_1_77' title='bbox 358 1629 478 1702; x_wconf 87' lang='lat' dir='ltr'><em>amplius</em></span> <span class='ocrx_word' id='word_1_78' title='bbox 490 1630 598 1702; x_wconf 85' lang='lat' dir='ltr'><em>placet,</em></span> <span class='ocrx_word' id='word_1_79' title='bbox 610 1632 741 1700; x_wconf 87' lang='lat' dir='ltr'><em>quoniam</em></span> <span class='ocrx_word' id='word_1_80' title='bbox 759 1637 896 1682; x_wconf 77' lang='lat' dir='ltr'><em>structura</em></span> 
     </span>
     <span class='ocr_line' id='line_1_14' title="bbox 119 1716 895 1792; baseline -0.003 -20"><span class='ocrx_word' id='word_1_81' title='bbox 119 1737 229 1773; x_wconf 84' lang='lat' dir='ltr'><em>morum</em></span> <span class='ocrx_word' id='word_1_82' title='bbox 249 1721 373 1792; x_wconf 79' lang='lat' dir='ltr'><em>imagine</em></span> <span class='ocrx_word' id='word_1_83' title='bbox 386 1722 466 1790; x_wconf 90' lang='lat' dir='ltr'><em>picta</em></span> <span class='ocrx_word' id='word_1_84' title='bbox 482 1735 572 1770; x_wconf 87' lang='lat' dir='ltr'><em>rerum</em></span> <span class='ocrx_word' id='word_1_85' title='bbox 595 1716 818 1770; x_wconf 79' lang='lat' dir='ltr'><em>similitudinibus</em></span> <span class='ocrx_word' id='word_1_86' title='bbox 839 1733 895 1787; x_wconf 88' lang='lat' dir='ltr'><em>pu·</em></span> 
     </span>
     <span class='ocr_line' id='line_1_15' title="bbox 123 1803 895 1876; baseline -0.003 -18"><span class='ocrx_word' id='word_1_87' title='bbox 123 1807 229 1860; x_wconf 87' lang='lat' dir='ltr'><em>lacinm</em></span> <span class='ocrx_word' id='word_1_88' title='bbox 241 1809 354 1859; x_wconf 83' lang='lat' dir='ltr'><em>uirtutis</em></span> <span class='ocrx_word' id='word_1_89' title='bbox 370 1805 490 1859; x_wconf 69' lang='lat' dir='ltr'><em>attendit</em></span> <span class='ocrx_word' id='word_1_90' title='bbox 508 1803 575 1876; x_wconf 78' lang='lat' dir='ltr'><em>(snb</em></span> <span class='ocrx_word' id='word_1_91' title='bbox 592 1807 716 1874; x_wconf 81' lang='lat' dir='ltr'><em>imagine</em></span> <span class='ocrx_word' id='word_1_92' title='bbox 727 1808 806 1876; x_wconf 87' lang='lat' dir='ltr'><em>picta</em></span> <span class='ocrx_word' id='word_1_93' title='bbox 820 1821 895 1874; x_wconf 88' lang='lat' dir='ltr'><em>patt-</em></span> 
     </span>
     <span class='ocr_line' id='line_1_16' title="bbox 119 1887 895 1966; baseline -0.004 -19"><span class='ocrx_word' id='word_1_94' title='bbox 119 1895 203 1948; x_wconf 81' lang='lat' dir='ltr'><em>iatim</em></span> <span class='ocrx_word' id='word_1_95' title='bbox 216 1895 369 1948; x_wconf 79' lang='lat' dir='ltr'><em>ostenditur</em></span> <span class='ocrx_word' id='word_1_96' title='bbox 377 1889 442 1948; x_wconf 89' lang='lat' dir='ltr'><em>ood.</em></span> <span class='ocrx_word' id='word_1_97' title='bbox 460 1889 555 1948; x_wconf 76' lang='lat' dir='ltr'><em>berol.</em></span> <span class='ocrx_word' id='word_1_98' title='bbox 568 1887 649 1966; x_wconf 75' lang='lat' dir='ltr'><em>sec),</em></span> <span class='ocrx_word' id='word_1_99' title='bbox 663 1893 781 1962; x_wconf 86' lang='lat' dir='ltr'><em>eoquod</em></span> <span class='ocrx_word' id='word_1_100' title='bbox 791 1908 829 1945; x_wconf 79' lang='lat' dir='ltr'><em>es·</em></span> <span class='ocrx_word' id='word_1_101' title='bbox 841 1909 895 1944; x_wconf 84' lang='lat' dir='ltr'><em>rsa-</em></span> 
     </span>
     <span class='ocr_line' id='line_1_17' title="bbox 120 1978 895 2053; baseline 0 -21"><span class='ocrx_word' id='word_1_102' title='bbox 120 1981 260 2035; x_wconf 86' lang='lat' dir='ltr'><em>turalibus</em></span> <span class='ocrx_word' id='word_1_103' title='bbox 286 1981 451 2035; x_wconf 89' lang='lat' dir='ltr'><em>animalium</em></span> <span class='ocrx_word' id='word_1_104' title='bbox 481 1981 601 2034; x_wconf 84' lang='lat' dir='ltr'><em>maribus</em></span> <span class='ocrx_word' id='word_1_105' title='bbox 628 1990 654 2032; x_wconf 91' lang='lat' dir='ltr'><em>et</em></span> <span class='ocrx_word' id='word_1_106' title='bbox 677 1978 895 2053; x_wconf 86' lang='lat' dir='ltr'><em>proprietatibus</em></span> 
     </span>
     <span class='ocr_line' id='line_1_18' title="bbox 116 2064 894 2142; baseline 0 -22"><span class='ocrx_word' id='word_1_107' title='bbox 116 2087 215 2122; x_wconf 84' lang='lat' dir='ltr'><em>reram</em></span> <span class='ocrx_word' id='word_1_108' title='bbox 229 2073 310 2142; x_wconf 83' lang='lat' dir='ltr'><em>quasi</em></span> <span class='ocrx_word' id='word_1_109' title='bbox 319 2069 355 2122; x_wconf 89' lang='lat' dir='ltr'><em>de</em></span> <span class='ocrx_word' id='word_1_110' title='bbox 362 2073 435 2122; x_wconf 82' lang='lat' dir='ltr'><em>vivis</em></span> <span class='ocrx_word' id='word_1_111' title='bbox 444 2064 610 2141; x_wconf 80' lang='lat' dir='ltr'><em>imaginibus</em></span> <span class='ocrx_word' id='word_1_112' title='bbox 623 2065 746 2122; x_wconf 76' lang='lat' dir='ltr'><em>hairtane</em></span> <span class='ocrx_word' id='word_1_113' title='bbox 754 2071 812 2121; x_wconf 82' lang='lat' dir='ltr'><em>uite</em></span> <span class='ocrx_word' id='word_1_114' title='bbox 824 2085 894 2140; x_wconf 89' lang='lat' dir='ltr'><em>qua·</em></span> 
     </span>
     <span class='ocr_line' id='line_1_19' title="bbox 121 2155 897 2229; baseline 0 -21"><span class='ocrx_word' id='word_1_115' title='bbox 121 2157 190 2211; x_wconf 85' lang='lat' dir='ltr'><em>litas</em></span> <span class='ocrx_word' id='word_1_116' title='bbox 204 2158 389 2229; x_wconf 77' lang='lat' dir='ltr'><em>exemplatur.</em></span> <span class='ocrx_word' id='word_1_117' title='bbox 415 2156 497 2210; x_wconf 88' lang='lat' dir='ltr'><em>Totus</em></span> <span class='ocrx_word' id='word_1_118' title='bbox 509 2157 583 2209; x_wconf 88' lang='lat' dir='ltr'><em>enim</em></span> <span class='ocrx_word' id='word_1_119' title='bbox 594 2155 711 2208; x_wconf 88' lang='lat' dir='ltr'><em>mundus</em></span> <span class='ocrx_word' id='word_1_120' title='bbox 721 2155 841 2208; x_wconf 82' lang='lat' dir='ltr'><em>visibilis</em></span> <span class='ocrx_word' id='word_1_121' title='bbox 853 2165 897 2208; x_wconf 89' lang='lat' dir='ltr'><em>est</em></span> 
     </span>
     <span class='ocr_line' id='line_1_20' title="bbox 115 2245 891 2317; baseline 0.003 -20"><span class='ocrx_word' id='word_1_122' title='bbox 115 2246 197 2298; x_wconf 87' lang='lat' dir='ltr'><em>scola</em></span> <span class='ocrx_word' id='word_1_123' title='bbox 218 2257 246 2300; x_wconf 86' lang='lat' dir='ltr'><em>et</em></span> <span class='ocrx_word' id='word_1_124' title='bbox 270 2245 422 2298; x_wconf 84' lang='lat' dir='ltr'><em>rationibus</em></span> <span class='ocrx_word' id='word_1_125' title='bbox 436 2247 572 2317; x_wconf 77' lang='lat' dir='ltr'><em>sapientie</em></span> <span class='ocrx_word' id='word_1_126' title='bbox 589 2245 677 2316; x_wconf 87' lang='lat' dir='ltr'><em>plena</em></span> <span class='ocrx_word' id='word_1_127' title='bbox 700 2254 764 2296; x_wconf 84' lang='lat' dir='ltr'><em>sunt</em></span> <span class='ocrx_word' id='word_1_128' title='bbox 784 2248 891 2300; x_wconf 89' lang='lat' dir='ltr'><em>omnia.</em></span> 
     </span>
     <span class='ocr_line' id='line_1_21' title="bbox 118 2326 893 2405; baseline 0.003 -21"><span class='ocrx_word' id='word_1_129' title='bbox 118 2333 243 2405; x_wconf 84' lang='lat' dir='ltr'><em>Propter</em></span> <span class='ocrx_word' id='word_1_130' title='bbox 253 2333 316 2398; x_wconf 83' lang='lat' dir='ltr'><em>ltoc,</em></span> <span class='ocrx_word' id='word_1_131' title='bbox 321 2333 372 2405; x_wconf 88' lang='lat' dir='ltr'><em>fili</em></span> <span class='ocrx_word' id='word_1_132' title='bbox 387 2331 542 2398; x_wconf 81' lang='lat' dir='ltr'><em>karissime,</em></span> <span class='ocrx_word' id='word_1_133' title='bbox 557 2326 734 2401; x_wconf 70' lang='lat' dir='ltr'><em>irfiirmatiua</em></span> <span class='ocrx_word' id='word_1_134' title='bbox 739 2333 893 2401; x_wconf 82' lang='lat' dir='ltr'><em>juventutis</em></span> 
     </span>
     <span class='ocr_line' id='line_1_22' title="bbox 117 2421 751 2486; baseline 0.006 -13"><span class='ocrx_word' id='word_1_135' title='bbox 117 2431 168 2474; x_wconf 91' lang='lat' dir='ltr'><em>tue</em></span> <span class='ocrx_word' id='word_1_136' title='bbox 181 2421 347 2475; x_wconf 88' lang='lat' dir='ltr'><em>documenta</em></span> <span class='ocrx_word' id='word_1_137' title='bbox 360 2421 514 2477; x_wconf 87' lang='lat' dir='ltr'><em>moralia...</em></span> <span class='ocrx_word' id='word_1_138' title='bbox 531 2421 681 2486; x_wconf 86' lang='lat' dir='ltr'><em>trademus,</em></span> <span class='ocrx_word' id='word_1_139' title='bbox 696 2429 751 2477; x_wconf 88' lang='lat' dir='ltr'><em>etc.</em></span> 
     </span>
    </p>
   </div>
   <div class='ocr_carea' id='block_1_4' title="bbox 112 2753 895 3336">
    <p class='ocr_par' dir='ltr' id='par_1_5' title="bbox 112 2753 895 3336">
     <span class='ocr_line' id='line_1_23' title="bbox 160 2753 895 2830; baseline -0.008 -12"><span class='ocrx_word' id='word_1_140' title='bbox 160 2761 272 2818; x_wconf 79' lang='lat' dir='ltr'><em>Praeter</em></span> <span class='ocrx_word' id='word_1_141' title='bbox 311 2754 511 2813; x_wconf 84' lang='lat' dir='ltr'><em>collectionem</em></span> <span class='ocrx_word' id='word_1_142' title='bbox 554 2753 792 2826; x_wconf 87' lang='lat' dir='ltr'><em>Problematum,</em></span> <span class='ocrx_word' id='word_1_143' title='bbox 829 2771 895 2830; x_wconf 85' lang='lat' dir='ltr'><em>quae</em></span> 
     </span>
     <span class='ocr_line' id='line_1_24' title="bbox 114 2840 893 2918; baseline 0.001 -20"><span class='ocrx_word' id='word_1_144' title='bbox 114 2841 271 2901; x_wconf 89' lang='lat' dir='ltr'><em>communi</em></span> <span class='ocrx_word' id='word_1_145' title='bbox 296 2841 381 2899; x_wconf 90' lang='lat' dir='ltr'><em>titulo</em></span> <span class='ocrx_word' id='word_1_146' title='bbox 404 2840 591 2918; x_wconf 80' lang='lat' dir='ltr'><em>physicorum</em></span> <span class='ocrx_word' id='word_1_147' title='bbox 618 2840 774 2918; x_wconf 89' lang='lat' dir='ltr'><em>inscripta,</em></span> <span class='ocrx_word' id='word_1_148' title='bbox 796 2841 893 2900; x_wconf 85' lang='lat' dir='ltr'><em>varias</em></span> 
     </span>
     <span class='ocr_line' id='line_1_25' title="bbox 116 2927 893 3008; baseline 0 -22"><span class='ocrx_word' id='word_1_149' title='bbox 116 2930 268 2988; x_wconf 82' lang='lat' dir='ltr'><em>naturales</em></span> <span class='ocrx_word' id='word_1_150' title='bbox 288 2929 463 3007; x_wconf 80' lang='lat' dir='ltr'><em>quaestiones</em></span> <span class='ocrx_word' id='word_1_151' title='bbox 487 2927 742 3008; x_wconf 80' lang='lat' dir='ltr'><em>complectebatur,</em></span> <span class='ocrx_word' id='word_1_152' title='bbox 768 2929 893 2987; x_wconf 90' lang='lat' dir='ltr'><em>minoris</em></span> 
     </span>
     <span class='ocr_line' id='line_1_26' title="bbox 115 3015 893 3091; baseline 0 -17"><span class='ocrx_word' id='word_1_153' title='bbox 115 3016 248 3075; x_wconf 88' lang='lat' dir='ltr'><em>ambitus</em></span> <span class='ocrx_word' id='word_1_154' title='bbox 256 3017 374 3076; x_wconf 89' lang='lat' dir='ltr'><em>libellos</em></span> <span class='ocrx_word' id='word_1_155' title='bbox 386 3017 540 3086; x_wconf 85' lang='lat' dir='ltr'><em>exstitisse,</em></span> <span class='ocrx_word' id='word_1_156' title='bbox 549 3015 637 3074; x_wconf 88' lang='lat' dir='ltr'><em>unius</em></span> <span class='ocrx_word' id='word_1_157' title='bbox 654 3028 763 3074; x_wconf 89' lang='lat' dir='ltr'><em>tantum</em></span> <span class='ocrx_word' id='word_1_158' title='bbox 778 3016 893 3091; x_wconf 83' lang='lat' dir='ltr'><em>generis</em></span> 
     </span>
     <span class='ocr_line' id='line_1_27' title="bbox 114 3102 891 3180; baseline -0.001 -19"><span class='ocrx_word' id='word_1_159' title='bbox 114 3102 331 3180; x_wconf 81' lang='lat' dir='ltr'><em>quaestionibus</em></span> <span class='ocrx_word' id='word_1_160' title='bbox 342 3103 530 3180; x_wconf 88' lang='lat' dir='ltr'><em>compositos,</em></span> <span class='ocrx_word' id='word_1_161' title='bbox 543 3121 609 3160; x_wconf 89' lang='lat' dir='ltr'><em>cum</em></span> <span class='ocrx_word' id='word_1_162' title='bbox 618 3121 655 3160; x_wconf 84' lang='lat' dir='ltr'><em>ex</em></span> <span class='ocrx_word' id='word_1_163' title='bbox 664 3102 819 3174; x_wconf 87' lang='lat' dir='ltr'><em>indicibus,</em></span> <span class='ocrx_word' id='word_1_164' title='bbox 832 3115 891 3160; x_wconf 80' lang='lat' dir='ltr'><em>tuni</em></span> 
     </span>
     <span class='ocr_line' id='line_1_28' title="bbox 114 3188 893 3268; baseline 0 -20"><span class='ocrx_word' id='word_1_165' title='bbox 114 3189 241 3248; x_wconf 87' lang='lat' dir='ltr'><em>aliunde</em></span> <span class='ocrx_word' id='word_1_166' title='bbox 255 3189 410 3268; x_wconf 85' lang='lat' dir='ltr'><em>probabile</em></span> <span class='ocrx_word' id='word_1_167' title='bbox 420 3190 463 3258; x_wconf 87' lang='lat' dir='ltr'><em>fit,</em></span> <span class='ocrx_word' id='word_1_168' title='bbox 475 3189 512 3248; x_wconf 88' lang='lat' dir='ltr'><em>de</em></span> <span class='ocrx_word' id='word_1_169' title='bbox 530 3188 638 3266; x_wconf 91' lang='lat' dir='ltr'><em>quibus</em></span> <span class='ocrx_word' id='word_1_170' title='bbox 649 3209 726 3248; x_wconf 91' lang='lat' dir='ltr'><em>nunc</em></span> <span class='ocrx_word' id='word_1_171' title='bbox 737 3189 837 3266; x_wconf 88' lang='lat' dir='ltr'><em>paucis</em></span> <span class='ocrx_word' id='word_1_172' title='bbox 850 3191 893 3248; x_wconf 85' lang='lat' dir='ltr'><em>vi-</em></span> 
     </span>
     <span class='ocr_line' id='line_1_29' title="bbox 112 3277 329 3336; baseline 0 0"><span class='ocrx_word' id='word_1_173' title='bbox 112 3277 248 3336; x_wconf 90' lang='lat' dir='ltr'><em>dendum</em></span> <span class='ocrx_word' id='word_1_174' title='bbox 262 3277 329 3336; x_wconf 85' lang='lat' dir='ltr'><em>erit.</em></span> 
     </span>
    </p>
   </div>
   <div class='ocr_carea' id='block_1_5' title="bbox 115 3405 891 3500">
    <p class='ocr_par' dir='ltr' id='par_1_6' title="bbox 115 3405 891 3500">
     <span class='ocr_line' id='line_1_30' title="bbox 115 3405 891 3500; baseline 0.005 -4"><span class='ocrx_word' id='word_1_175' title='bbox 115 3441 151 3496; x_wconf 90' lang='lat' dir='ltr'><em>n.</em></span> <span class='ocrx_word' id='word_1_176' title='bbox 180 3439 276 3497; x_wconf 78' lang='lat' dir='ltr'><em>nunt</em></span> <span class='ocrx_word' id='word_1_177' title='bbox 295 3439 372 3498; x_wconf 73' lang='lat' dir='ltr'><em>snt</em></span> <span class='ocrx_word' id='word_1_178' title='bbox 392 3438 470 3498; x_wconf 83' lang='lat' dir='ltr'><em>tor</em></span> <span class='ocrx_word' id='word_1_179' title='bbox 490 3437 632 3498; x_wconf 82' lang='lat' dir='ltr'><em>senor</em></span> <span class='ocrx_word' id='word_1_180' title='bbox 652 3405 891 3500; x_wconf 65' lang='lat' dir='ltr'><em>unissime.</em></span> 
     </span>
    </p>
   </div>
   <div class='ocr_carea' id='block_1_6' title="bbox 105 3596 897 4821">
    <p class='ocr_par' dir='ltr' id='par_1_7' title="bbox 105 3596 897 4821">
     <span class='ocr_line' id='line_1_31' title="bbox 153 3596 895 3680; baseline 0.003 -22"><span class='ocrx_word' id='word_1_181' title='bbox 153 3601 249 3659; x_wconf 86' lang='lat' dir='ltr'><em>Liber</em></span> <span class='ocrx_word' id='word_1_182' title='bbox 273 3596 333 3679; x_wconf 75' lang='lat' dir='ltr'><em>aspi</em></span> <span class='ocrx_word' id='word_1_183' title='bbox 353 3604 401 3671; x_wconf 77' lang='grc' dir='ltr'><em>τῆς</em></span> <span class='ocrx_word' id='word_1_184' title='bbox 422 3606 467 3659; x_wconf 84' lang='grc' dir='ltr'><em>τοῦ</em></span> <span class='ocrx_word' id='word_1_185' title='bbox 487 3599 583 3660; x_wconf 81' lang='grc' dir='ltr'>Νείλου</span> <span class='ocrx_word' id='word_1_186' title='bbox 611 3597 762 3668; x_wconf 68' lang='lat' dir='ltr'><em>isesias&lt;</em></span> <span class='ocrx_word' id='word_1_187' title='bbox 788 3600 820 3658; x_wconf 91' lang='lat' dir='ltr'><em>in</em></span> <span class='ocrx_word' id='word_1_188' title='bbox 847 3622 895 3680; x_wconf 86' lang='lat' dir='ltr'><em>ap·</em></span> 
     </span>
     <span class='ocr_line' id='line_1_32' title="bbox 107 3681 893 3766; baseline 0.003 -20"><span class='ocrx_word' id='word_1_189' title='bbox 107 3689 241 3766; x_wconf 84' lang='lat' dir='ltr'><em>pendice</em></span> <span class='ocrx_word' id='word_1_190' title='bbox 265 3688 412 3765; x_wconf 80' lang='lat' dir='ltr'><em>Anonymi</em></span> <span class='ocrx_word' id='word_1_191' title='bbox 436 3681 610 3748; x_wconf 87' lang='lat' dir='ltr'><em>memoratus</em></span> <span class='ocrx_word' id='word_1_192' title='bbox 631 3687 700 3766; x_wconf 68' lang='grc' dir='ltr'><em>(πμ)</em></span> <span class='ocrx_word' id='word_1_193' title='bbox 721 3689 838 3748; x_wconf 87' lang='lat' dir='ltr'><em>etitem</em></span> <span class='ocrx_word' id='word_1_194' title='bbox 861 3690 893 3748; x_wconf 92' lang='lat' dir='ltr'><em>in</em></span> 
     </span>
     <span class='ocr_line' id='line_1_33' title="bbox 109 3775 897 3854; baseline 0.003 -20"><span class='ocrx_word' id='word_1_195' title='bbox 109 3777 214 3836; x_wconf 86' lang='lat' dir='ltr'><em>indice</em></span> <span class='ocrx_word' id='word_1_196' title='bbox 238 3775 382 3838; x_wconf 90' lang='lat' dir='ltr'><em>arabico:</em></span> <span class='ocrx_word' id='word_1_197' title='bbox 408 3782 449 3836; x_wconf 80' lang='lat' dir='ltr'><em>lie</em></span> <span class='ocrx_word' id='word_1_198' title='bbox 471 3781 539 3838; x_wconf 88' lang='lat' dir='ltr'><em>Nilo</em></span> <span class='ocrx_word' id='word_1_199' title='bbox 561 3783 729 3854; x_wconf 71' lang='lat' dir='ltr'><em>Egyptiaco</em></span> <span class='ocrx_word' id='word_1_200' title='bbox 753 3781 818 3836; x_wconf 81' lang='lat' dir='ltr'><em>libri</em></span> <span class='ocrx_word' id='word_1_201' title='bbox 840 3784 897 3836; x_wconf 91' lang='lat' dir='ltr'><em>III</em></span> 
     </span>
     <span class='ocr_line' id='line_1_34' title="bbox 110 3863 890 3944; baseline 0.004 -22"><span class='ocrx_word' id='word_1_202' title='bbox 110 3863 301 3940; x_wconf 86' lang='lat' dir='ltr'><em>(Dschemal.</em></span> <span class='ocrx_word' id='word_1_203' title='bbox 319 3863 385 3944; x_wconf 79' lang='lat' dir='ltr'><em>aa),</em></span> <span class='ocrx_word' id='word_1_204' title='bbox 411 3865 509 3924; x_wconf 87' lang='lat' dir='ltr'><em>eadem</em></span> <span class='ocrx_word' id='word_1_205' title='bbox 535 3865 594 3923; x_wconf 87' lang='lat' dir='ltr'><em>sere</em></span> <span class='ocrx_word' id='word_1_206' title='bbox 615 3866 733 3924; x_wconf 83' lang='lat' dir='ltr'><em>fortuna</em></span> <span class='ocrx_word' id='word_1_207' title='bbox 758 3886 828 3926; x_wconf 89' lang='lat' dir='ltr'><em>usus</em></span> <span class='ocrx_word' id='word_1_208' title='bbox 842 3868 890 3925; x_wconf 91' lang='lat' dir='ltr'><em>vi-</em></span> 
     </span>
     <span class='ocr_line' id='line_1_35' title="bbox 108 3951 891 4032; baseline 0.008 -24"><span class='ocrx_word' id='word_1_209' title='bbox 108 3954 211 4024; x_wconf 88' lang='lat' dir='ltr'><em>detur,</em></span> <span class='ocrx_word' id='word_1_210' title='bbox 241 3972 299 4029; x_wconf 91' lang='lat' dir='ltr'><em>qua</em></span> <span class='ocrx_word' id='word_1_211' title='bbox 321 3951 374 4028; x_wconf 93' lang='lat' dir='ltr'><em>qui</em></span> <span class='ocrx_word' id='word_1_212' title='bbox 395 3953 538 4012; x_wconf 88' lang='lat' dir='ltr'><em>secundus</em></span> <span class='ocrx_word' id='word_1_213' title='bbox 564 3955 721 4032; x_wconf 89' lang='lat' dir='ltr'><em>inscriptus</em></span> <span class='ocrx_word' id='word_1_214' title='bbox 744 3968 786 4012; x_wconf 88' lang='lat' dir='ltr'><em>est</em></span> <span class='ocrx_word' id='word_1_215' title='bbox 805 3954 891 4014; x_wconf 86' lang='lat' dir='ltr'><em>(Eco-</em></span> 
     </span>
     <span class='ocr_line' id='line_1_36' title="bbox 112 4039 891 4120; baseline 0.004 -21"><span class='ocrx_word' id='word_1_216' title='bbox 112 4044 303 4100; x_wconf 91' lang='lat' dir='ltr'><em>nomicorum</em></span> <span class='ocrx_word' id='word_1_217' title='bbox 326 4039 362 4097; x_wconf 92' lang='lat' dir='ltr'><em>de</em></span> <span class='ocrx_word' id='word_1_218' title='bbox 392 4060 451 4116; x_wconf 92' lang='lat' dir='ltr'><em>quo</em></span> <span class='ocrx_word' id='word_1_219' title='bbox 479 4059 570 4117; x_wconf 88' lang='lat' dir='ltr'><em>supra</em></span> <span class='ocrx_word' id='word_1_220' title='bbox 597 4039 734 4102; x_wconf 85' lang='lat' dir='ltr'><em>diximus.</em></span> <span class='ocrx_word' id='word_1_221' title='bbox 762 4042 891 4120; x_wconf 73' lang='lat' dir='ltr'><em>Antiqua</em></span> 
     </span>
     <span class='ocr_line' id='line_1_37' title="bbox 110 4126 889 4204; baseline 0.001 -16"><span class='ocrx_word' id='word_1_222' title='bbox 110 4130 194 4188; x_wconf 90' lang='lat' dir='ltr'><em>enim</em></span> <span class='ocrx_word' id='word_1_223' title='bbox 223 4127 288 4204; x_wconf 89' lang='lat' dir='ltr'><em>ejus</em></span> <span class='ocrx_word' id='word_1_224' title='bbox 313 4129 412 4186; x_wconf 81' lang='lat' dir='ltr'><em>versio</em></span> <span class='ocrx_word' id='word_1_225' title='bbox 437 4129 527 4187; x_wconf 88' lang='lat' dir='ltr'><em>latina</em></span> <span class='ocrx_word' id='word_1_226' title='bbox 550 4126 767 4204; x_wconf 89' lang='lat' dir='ltr'><em>quintodecimo</em></span> <span class='ocrx_word' id='word_1_227' title='bbox 793 4133 889 4190; x_wconf 88' lang='lat' dir='ltr'><em>seculo</em></span> 
     </span>
     <span class='ocr_line' id='line_1_38' title="bbox 109 4215 891 4294; baseline 0 -20"><span class='ocrx_word' id='word_1_228' title='bbox 109 4231 156 4276; x_wconf 90' lang='lat' dir='ltr'><em>ter</em></span> <span class='ocrx_word' id='word_1_229' title='bbox 179 4217 305 4276; x_wconf 83' lang='lat' dir='ltr'><em>seorsim</em></span> <span class='ocrx_word' id='word_1_230' title='bbox 330 4217 408 4294; x_wconf 85' lang='lat' dir='ltr'><em>typis</em></span> <span class='ocrx_word' id='word_1_231' title='bbox 429 4215 507 4276; x_wconf 87' lang='lat' dir='ltr'><em>edita</em></span> <span class='ocrx_word' id='word_1_232' title='bbox 521 4215 574 4291; x_wconf 80' lang='lat' dir='ltr'><em>[cl.</em></span> <span class='ocrx_word' id='word_1_233' title='bbox 589 4217 673 4288; x_wconf 84' lang='lat' dir='ltr'><em>ilain,</em></span> <span class='ocrx_word' id='word_1_234' title='bbox 693 4222 833 4292; x_wconf 81' lang='lat' dir='ltr'><em>depertor.</em></span> <span class='ocrx_word' id='word_1_235' title='bbox 852 4221 891 4274; x_wconf 84' lang='lat' dir='ltr'><em>bi-</em></span> 
     </span>
     <span class='ocr_line' id='line_1_39' title="bbox 108 4303 891 4384; baseline 0 -22"><span class='ocrx_word' id='word_1_236' title='bbox 108 4307 305 4384; x_wconf 83' lang='lat' dir='ltr'><em>idiograpltic.</em></span> <span class='ocrx_word' id='word_1_237' title='bbox 330 4304 436 4381; x_wconf 86' lang='lat' dir='ltr'><em>Stuttg.</em></span> <span class='ocrx_word' id='word_1_238' title='bbox 464 4305 608 4378; x_wconf 79' lang='lat'><em>1826-38,</em></span> <span class='ocrx_word' id='word_1_239' title='bbox 625 4303 660 4366; x_wconf 91' lang='lat' dir='ltr'><em>N.</em></span> <span class='ocrx_word' id='word_1_240' title='bbox 681 4305 773 4382; x_wconf 88' lang='lat'>1659,</span> <span class='ocrx_word' id='word_1_241' title='bbox 800 4307 891 4380; x_wconf 80' lang='lat'><em>1682,</em></span> 
     </span>
     <span class='ocr_line' id='line_1_40' title="bbox 116 4393 893 4474; baseline -0.001 -22"><span class='ocrx_word' id='word_1_242' title='bbox 116 4397 199 4468; x_wconf 84' lang='lat'>1786</span> <span class='ocrx_word' id='word_1_243' title='bbox 211 4395 231 4474; x_wconf 70' lang='lat' dir='ltr'><em>l,</em></span> <span class='ocrx_word' id='word_1_244' title='bbox 249 4414 301 4452; x_wconf 90' lang='lat' dir='ltr'><em>nec</em></span> <span class='ocrx_word' id='word_1_245' title='bbox 315 4394 412 4452; x_wconf 88' lang='lat' dir='ltr'><em>minus</em></span> <span class='ocrx_word' id='word_1_246' title='bbox 426 4395 458 4452; x_wconf 90' lang='lat' dir='ltr'><em>in</em></span> <span class='ocrx_word' id='word_1_247' title='bbox 476 4395 580 4452; x_wconf 86' lang='lat' dir='ltr'><em>latinas</em></span> <span class='ocrx_word' id='word_1_248' title='bbox 595 4413 716 4470; x_wconf 90' lang='lat' dir='ltr'><em>operum</em></span> <span class='ocrx_word' id='word_1_249' title='bbox 729 4393 893 4452; x_wconf 76' lang='lat' dir='ltr'><em>Aristotelis</em></span> 
     </span>
     <span class='ocr_line' id='line_1_41' title="bbox 106 4480 894 4557; baseline -0.004 -16"><span class='ocrx_word' id='word_1_250' title='bbox 106 4483 261 4541; x_wconf 81' lang='lat' dir='ltr'><em>editiones</em></span> <span class='ocrx_word' id='word_1_251' title='bbox 276 4494 401 4557; x_wconf 84' lang='lat' dir='ltr'><em>recepta,</em></span> <span class='ocrx_word' id='word_1_252' title='bbox 414 4494 445 4539; x_wconf 90' lang='lat' dir='ltr'><em>ut</em></span> <span class='ocrx_word' id='word_1_253' title='bbox 455 4481 630 4540; x_wconf 61' lang='lat' dir='ltr'><em>indenetam</em></span> <span class='ocrx_word' id='word_1_254' title='bbox 645 4481 731 4557; x_wconf 85' lang='lat'>1550,</span> <span class='ocrx_word' id='word_1_255' title='bbox 745 4480 894 4542; x_wconf 78' lang='lat' dir='ltr'><em>basileen-</em></span> 
     </span>
     <span class='ocr_line' id='line_1_42' title="bbox 108 4568 895 4640; baseline -0.003 -12"><span class='ocrx_word' id='word_1_256' title='bbox 108 4592 174 4628; x_wconf 84' lang='lat' dir='ltr'><em>sem</em></span> <span class='ocrx_word' id='word_1_257' title='bbox 196 4569 284 4640; x_wconf 75' lang='lat'>1563,</span> <span class='ocrx_word' id='word_1_258' title='bbox 302 4570 375 4627; x_wconf 90' lang='lat' dir='ltr'><em>adeo</em></span> <span class='ocrx_word' id='word_1_259' title='bbox 392 4569 496 4628; x_wconf 88' lang='lat' dir='ltr'><em>deinde</em></span> <span class='ocrx_word' id='word_1_260' title='bbox 510 4569 661 4627; x_wconf 86' lang='lat' dir='ltr'><em>obliterata</em></span> <span class='ocrx_word' id='word_1_261' title='bbox 675 4581 760 4626; x_wconf 90' lang='lat' dir='ltr'><em>estut</em></span> <span class='ocrx_word' id='word_1_262' title='bbox 780 4568 817 4626; x_wconf 88' lang='lat' dir='ltr'><em>ab</em></span> <span class='ocrx_word' id='word_1_263' title='bbox 834 4589 895 4626; x_wconf 89' lang='lat' dir='ltr'><em>om-</em></span> 
     </span>
     <span class='ocr_line' id='line_1_43' title="bbox 107 4655 894 4734; baseline -0.009 -18"><span class='ocrx_word' id='word_1_264' title='bbox 107 4663 207 4716; x_wconf 88' lang='lat' dir='ltr'><em>nibus</em></span> <span class='ocrx_word' id='word_1_265' title='bbox 220 4657 277 4713; x_wconf 86' lang='lat' dir='ltr'><em>iere</em></span> <span class='ocrx_word' id='word_1_266' title='bbox 285 4656 344 4731; x_wconf 87' lang='lat' dir='ltr'><em>jam</em></span> <span class='ocrx_word' id='word_1_267' title='bbox 359 4658 545 4731; x_wconf 82' lang='lat' dir='ltr'><em>ignoraretur</em></span> <span class='ocrx_word' id='word_1_268' title='bbox 557 4659 607 4734; x_wconf 84' lang='lat' dir='ltr'><em>(cl.</em></span> <span class='ocrx_word' id='word_1_269' title='bbox 621 4671 713 4714; x_wconf 90' lang='lat' dir='ltr'><em>tamen</em></span> <span class='ocrx_word' id='word_1_270' title='bbox 728 4655 894 4734; x_wconf 69' lang='lat' dir='ltr'><em>praeteria-</em></span> 
     </span>
     <span class='ocr_line' id='line_1_44' title="bbox 105 4743 890 4821; baseline -0.005 -17"><span class='ocrx_word' id='word_1_271' title='bbox 105 4747 258 4814; x_wconf 84' lang='lat' dir='ltr'><em>hricitttn,</em></span> <span class='ocrx_word' id='word_1_272' title='bbox 280 4743 388 4817; x_wconf 82' lang='lat' dir='ltr'><em>Bulrle,</em></span> <span class='ocrx_word' id='word_1_273' title='bbox 408 4747 442 4800; x_wconf 88' lang='lat' dir='ltr'><em>de</em></span> <span class='ocrx_word' id='word_1_274' title='bbox 458 4749 612 4803; x_wconf 83' lang='lat' dir='ltr'><em>Aristotelis</em></span> <span class='ocrx_word' id='word_1_275' title='bbox 635 4748 712 4800; x_wconf 79' lang='lat' dir='ltr'><em>libris¹</em></span> <span class='ocrx_word' id='word_1_276' title='bbox 734 4748 890 4821; x_wconf 74' lang='lat' dir='ltr'><em>deperditis,</em></span> 
     </span>
    </p>
   </div>
   <div class='ocr_carea' id='block_1_7' title="bbox 139 4994 893 5284">
    <p class='ocr_par' dir='ltr' id='par_1_8' title="bbox 139 4994 893 5284">
     <span class='ocr_line' id='line_1_45' title="bbox 433 4994 572 5042; baseline -0.014 0"><span class='ocrx_word' id='word_1_277' title='bbox 433 4994 475 5042; x_wconf 83' lang='lat' dir='ltr'><em>DE</em></span> <span class='ocrx_word' id='word_1_278' title='bbox 491 4995 572 5041; x_wconf 85' lang='lat' dir='ltr'><em>NlLO.</em></span> 
     </span>
     <span class='ocr_line' id='line_1_46' title="bbox 495 5111 518 5159; baseline 0.13 -3"><span class='ocrx_word' id='word_1_279' title='bbox 495 5111 518 5159; x_wconf 88' lang='grc'><em>1.</em></span> 
     </span>
     <span class='ocr_line' id='line_1_47' title="bbox 139 5214 893 5284; baseline -0.004 -17"><span class='ocrx_word' id='word_1_280' title='bbox 139 5221 195 5268; x_wconf 81' lang='lat' dir='ltr'><em>Aer</em></span> <span class='ocrx_word' id='word_1_281' title='bbox 210 5215 327 5268; x_wconf 85' lang='lat' dir='ltr'><em>densatur</em></span> <span class='ocrx_word' id='word_1_282' title='bbox 339 5221 364 5268; x_wconf 87' lang='lat' dir='ltr'><em>et</em></span> <span class='ocrx_word' id='word_1_283' title='bbox 373 5217 398 5268; x_wconf 90' lang='lat' dir='ltr'><em>in</em></span> <span class='ocrx_word' id='word_1_284' title='bbox 407 5217 525 5282; x_wconf 84' lang='lat' dir='ltr'><em>seipsum</em></span> <span class='ocrx_word' id='word_1_285' title='bbox 536 5217 640 5268; x_wconf 86' lang='lat' dir='ltr'><em>considit</em></span> <span class='ocrx_word' id='word_1_286' title='bbox 663 5231 710 5267; x_wconf 93' lang='lat' dir='ltr'><em>non</em></span> <span class='ocrx_word' id='word_1_287' title='bbox 719 5218 798 5268; x_wconf 87' lang='lat' dir='ltr'><em>solum</em></span> <span class='ocrx_word' id='word_1_288' title='bbox 806 5214 893 5284; x_wconf 74' lang='lat' dir='ltr'><em>uigore</em></span> 
     </span>
    </p>
   </div>
   <div class='ocr_carea' id='block_1_8' title="bbox 1662 468 1717 528">
    <p class='ocr_par' dir='ltr' id='par_1_9' title="bbox 1662 468 1717 528">
     <span class='ocr_line' id='line_1_48' title="bbox 1662 468 1717 528; baseline 0.018 -2"><span class='ocrx_word' id='word_1_289' title='bbox 1662 468 1717 528; x_wconf 78' lang='lat' dir='ltr'><em>tlt</em></span> 
     </span>
    </p>
   </div>
   <div class='ocr_carea' id='block_1_9' title="bbox 944 594 1774 4000">
    <p class='ocr_par' dir='ltr' id='par_1_10' title="bbox 944 594 1774 3031">
     <span class='ocr_line' id='line_1_49' title="bbox 948 594 1725 674; baseline 0.005 -23"><span class='ocrx_word' id='word_1_290' title='bbox 948 615 977 674; x_wconf 90' lang='lat' dir='ltr'><em>p.</em></span> <span class='ocrx_word' id='word_1_291' title='bbox 990 615 1046 666; x_wconf 79' lang='lat'><em>¹27</em></span> <span class='ocrx_word' id='word_1_292' title='bbox 1060 607 1090 652; x_wconf 93' lang='lat' dir='ltr'><em>et</em></span> <span class='ocrx_word' id='word_1_293' title='bbox 1103 594 1225 653; x_wconf 78' lang='lat' dir='ltr'><em>litandis</em></span> <span class='ocrx_word' id='word_1_294' title='bbox 1231 638 1240 667; x_wconf 96' lang='lat'><em>,</em></span> <span class='ocrx_word' id='word_1_295' title='bbox 1252 597 1424 666; x_wconf 76' lang='lat' dir='ltr'><em>Aristoteles,</em></span> <span class='ocrx_word' id='word_1_296' title='bbox 1438 609 1456 652; x_wconf 92' lang='lat' dir='ltr'><em>t.</em></span> <span class='ocrx_word' id='word_1_297' title='bbox 1468 595 1493 666; x_wconf 90' lang='lat' dir='ltr'><em>l,</em></span> <span class='ocrx_word' id='word_1_298' title='bbox 1503 617 1535 670; x_wconf 89' lang='lat' dir='ltr'><em>p.</em></span> <span class='ocrx_word' id='word_1_299' title='bbox 1548 597 1627 674; x_wconf 71' lang='lat' dir='ltr'><em>rao),</em></span> <span class='ocrx_word' id='word_1_300' title='bbox 1639 597 1678 654; x_wconf 84' lang='lat' dir='ltr'><em>ita</em></span> <span class='ocrx_word' id='word_1_301' title='bbox 1692 609 1725 655; x_wconf 89' lang='lat' dir='ltr'><em>ut</em></span> 
     </span>
     <span class='ocr_line' id='line_1_50' title="bbox 949 685 1724 764; baseline 0.003 -19"><span class='ocrx_word' id='word_1_302' title='bbox 949 703 1011 745; x_wconf 86' lang='lat' dir='ltr'><em>eam</em></span> <span class='ocrx_word' id='word_1_303' title='bbox 1028 685 1132 746; x_wconf 82' lang='lat' dir='ltr'><em>Rosius</em></span> <span class='ocrx_word' id='word_1_304' title='bbox 1149 686 1284 764; x_wconf 87' lang='lat' dir='ltr'><em>quamvis</em></span> <span class='ocrx_word' id='word_1_305' title='bbox 1305 686 1424 762; x_wconf 84' lang='lat' dir='ltr'><em>editam,</em></span> <span class='ocrx_word' id='word_1_306' title='bbox 1451 686 1588 746; x_wconf 87' lang='lat' dir='ltr'><em>ineditam</em></span> <span class='ocrx_word' id='word_1_307' title='bbox 1615 709 1724 747; x_wconf 84' lang='lat' dir='ltr'><em>vocare</em></span> 
     </span>
     <span class='ocr_line' id='line_1_51' title="bbox 950 771 1723 852; baseline 0.005 -20"><span class='ocrx_word' id='word_1_308' title='bbox 950 773 1055 832; x_wconf 88' lang='lat' dir='ltr'><em>merito</em></span> <span class='ocrx_word' id='word_1_309' title='bbox 1067 774 1202 852; x_wconf 89' lang='lat' dir='ltr'><em>potuerit.</em></span> <span class='ocrx_word' id='word_1_310' title='bbox 1214 771 1334 831; x_wconf 88' lang='lat' dir='ltr'><em>Librum</em></span> <span class='ocrx_word' id='word_1_311' title='bbox 1349 774 1446 852; x_wconf 87' lang='lat' dir='ltr'><em>ipsum</em></span> <span class='ocrx_word' id='word_1_312' title='bbox 1454 773 1523 851; x_wconf 86' lang='lat' dir='ltr'><em>jure</em></span> <span class='ocrx_word' id='word_1_313' title='bbox 1532 775 1723 837; x_wconf 84' lang='lat' dir='ltr'><em>Problematis</em></span> 
     </span>
     <span class='ocr_line' id='line_1_52' title="bbox 952 860 1723 939; baseline 0.005 -20"><span class='ocrx_word' id='word_1_314' title='bbox 952 862 1109 931; x_wconf 83' lang='lat' dir='ltr'><em>accenseri,</em></span> <span class='ocrx_word' id='word_1_315' title='bbox 1118 861 1295 919; x_wconf 89' lang='lat' dir='ltr'><em>demonstrat</em></span> <span class='ocrx_word' id='word_1_316' title='bbox 1306 864 1428 938; x_wconf 80' lang='lat' dir='ltr'><em>questio</em></span> <span class='ocrx_word' id='word_1_317' title='bbox 1437 860 1474 919; x_wconf 88' lang='lat' dir='ltr'><em>de</em></span> <span class='ocrx_word' id='word_1_318' title='bbox 1484 879 1542 938; x_wconf 88' lang='lat' dir='ltr'><em>qua</em></span> <span class='ocrx_word' id='word_1_319' title='bbox 1547 865 1654 939; x_wconf 79' lang='lat' dir='ltr'><em>agitur,</em></span> <span class='ocrx_word' id='word_1_320' title='bbox 1664 885 1723 923; x_wconf 90' lang='lat' dir='ltr'><em>non</em></span> 
     </span>
     <span class='ocr_line' id='line_1_53' title="bbox 952 948 1724 1027; baseline 0.005 -21"><span class='ocrx_word' id='word_1_321' title='bbox 952 949 1048 1006; x_wconf 90' lang='lat' dir='ltr'><em>minus</em></span> <span class='ocrx_word' id='word_1_322' title='bbox 1070 949 1102 1007; x_wconf 93' lang='lat' dir='ltr'><em>in</em></span> <span class='ocrx_word' id='word_1_323' title='bbox 1125 948 1295 1026; x_wconf 83' lang='lat' dir='ltr'><em>antiquitate</em></span> <span class='ocrx_word' id='word_1_324' title='bbox 1315 967 1401 1026; x_wconf 88' lang='lat' dir='ltr'><em>quam</em></span> <span class='ocrx_word' id='word_1_325' title='bbox 1423 948 1459 1006; x_wconf 89' lang='lat' dir='ltr'><em>ad</em></span> <span class='ocrx_word' id='word_1_326' title='bbox 1483 963 1610 1008; x_wconf 87' lang='lat' dir='ltr'><em>nostram</em></span> <span class='ocrx_word' id='word_1_327' title='bbox 1632 970 1724 1027; x_wconf 88' lang='lat' dir='ltr'><em>usque</em></span> 
     </span>
     <span class='ocr_line' id='line_1_54' title="bbox 953 1035 1724 1112; baseline 0.001 -20"><span class='ocrx_word' id='word_1_328' title='bbox 953 1036 1121 1093; x_wconf 82' lang='lat' dir='ltr'><em>memoriam</em></span> <span class='ocrx_word' id='word_1_329' title='bbox 1147 1049 1348 1106; x_wconf 80' lang='lat' dir='ltr'><em>controversa,</em></span> <span class='ocrx_word' id='word_1_330' title='bbox 1372 1036 1440 1093; x_wconf 89' lang='lat' dir='ltr'><em>licet</em></span> <span class='ocrx_word' id='word_1_331' title='bbox 1453 1036 1589 1112; x_wconf 84' lang='lat' dir='ltr'><em>proxime</em></span> <span class='ocrx_word' id='word_1_332' title='bbox 1605 1035 1665 1112; x_wconf 86' lang='lat' dir='ltr'><em>jam</em></span> <span class='ocrx_word' id='word_1_333' title='bbox 1688 1037 1724 1094; x_wconf 87' lang='lat' dir='ltr'><em>ad</em></span> 
     </span>
     <span class='ocr_line' id='line_1_55' title="bbox 953 1121 1725 1200; baseline 0.001 -20"><span class='ocrx_word' id='word_1_334' title='bbox 953 1141 1054 1180; x_wconf 84' lang='lat' dir='ltr'><em>verum</em></span> <span class='ocrx_word' id='word_1_335' title='bbox 1069 1122 1229 1194; x_wconf 85' lang='lat' dir='ltr'><em>accesserit,</em></span> <span class='ocrx_word' id='word_1_336' title='bbox 1243 1122 1375 1200; x_wconf 88' lang='lat' dir='ltr'><em>quisquis</em></span> <span class='ocrx_word' id='word_1_337' title='bbox 1388 1121 1438 1179; x_wconf 88' lang='lat' dir='ltr'><em>ille</em></span> <span class='ocrx_word' id='word_1_338' title='bbox 1452 1123 1516 1197; x_wconf 80' lang='lat' dir='ltr'><em>fuit,</em></span> <span class='ocrx_word' id='word_1_339' title='bbox 1531 1123 1582 1199; x_wconf 88' lang='lat' dir='ltr'><em>qui</em></span> <span class='ocrx_word' id='word_1_340' title='bbox 1596 1121 1673 1181; x_wconf 90' lang='lat' dir='ltr'><em>bunc</em></span> <span class='ocrx_word' id='word_1_341' title='bbox 1687 1125 1725 1182; x_wconf 92' lang='lat' dir='ltr'><em>li·</em></span> 
     </span>
     <span class='ocr_line' id='line_1_56' title="bbox 952 1207 1721 1278; baseline 0.003 -11"><span class='ocrx_word' id='word_1_342' title='bbox 952 1207 1062 1268; x_wconf 89' lang='lat' dir='ltr'><em>bellum</em></span> <span class='ocrx_word' id='word_1_343' title='bbox 1074 1210 1220 1278; x_wconf 89' lang='lat' dir='ltr'><em>condidit,</em></span> <span class='ocrx_word' id='word_1_344' title='bbox 1240 1223 1268 1268; x_wconf 90' lang='lat' dir='ltr'><em>et</em></span> <span class='ocrx_word' id='word_1_345' title='bbox 1284 1211 1412 1268; x_wconf 85' lang='lat' dir='ltr'><em>solemne</em></span> <span class='ocrx_word' id='word_1_346' title='bbox 1432 1211 1463 1266; x_wconf 91' lang='lat' dir='ltr'><em>iu</em></span> <span class='ocrx_word' id='word_1_347' title='bbox 1479 1208 1588 1268; x_wconf 88' lang='lat' dir='ltr'><em>talibus</em></span> <span class='ocrx_word' id='word_1_348' title='bbox 1603 1211 1721 1269; x_wconf 89' lang='lat' dir='ltr'><em>initium</em></span> 
     </span>
     <span class='ocr_line' id='line_1_57' title="bbox 952 1295 1721 1376; baseline -0.001 -19"><span class='ocrx_word' id='word_1_349' title='bbox 952 1295 1003 1357; x_wconf 76' lang='lat' dir='ltr'><em>uu</em></span> <span class='ocrx_word' id='word_1_350' title='bbox 1015 1296 1053 1369; x_wconf 73' lang='lat' dir='ltr'><em>sl,</em></span> <span class='ocrx_word' id='word_1_351' title='bbox 1063 1301 1262 1374; x_wconf 84' lang='lat' dir='ltr'><em>propterqnid.</em></span> <span class='ocrx_word' id='word_1_352' title='bbox 1274 1296 1379 1355; x_wconf 87' lang='lat' dir='ltr'><em>Utrum</em></span> <span class='ocrx_word' id='word_1_353' title='bbox 1389 1316 1460 1355; x_wconf 78' lang='lat' dir='ltr'><em>vero</em></span> <span class='ocrx_word' id='word_1_354' title='bbox 1469 1298 1649 1372; x_wconf 78' lang='lat' dir='ltr'><em>Aristoteles,</em></span> <span class='ocrx_word' id='word_1_355' title='bbox 1665 1318 1721 1376; x_wconf 89' lang='lat' dir='ltr'><em>an,</em></span> 
     </span>
     <span class='ocr_line' id='line_1_58' title="bbox 952 1385 1721 1464; baseline 0.003 -20"><span class='ocrx_word' id='word_1_356' title='bbox 952 1399 984 1444; x_wconf 91' lang='lat' dir='ltr'><em>ut</em></span> <span class='ocrx_word' id='word_1_357' title='bbox 1014 1387 1110 1444; x_wconf 84' lang='lat' dir='ltr'><em>voluit</em></span> <span class='ocrx_word' id='word_1_358' title='bbox 1143 1386 1263 1455; x_wconf 83' lang='lat' dir='ltr'><em>Rosius,</em></span> <span class='ocrx_word' id='word_1_359' title='bbox 1297 1385 1510 1464; x_wconf 86' lang='lat' dir='ltr'><em>Theophrastus</em></span> <span class='ocrx_word' id='word_1_360' title='bbox 1540 1397 1641 1444; x_wconf 88' lang='lat' dir='ltr'><em>auctor</em></span> <span class='ocrx_word' id='word_1_361' title='bbox 1669 1388 1721 1446; x_wconf 83' lang='lat' dir='ltr'><em>lta·</em></span> 
     </span>
     <span class='ocr_line' id='line_1_59' title="bbox 951 1472 1722 1552; baseline 0.004 -22"><span class='ocrx_word' id='word_1_362' title='bbox 951 1472 1064 1532; x_wconf 65' lang='lat' dir='ltr'><em>luendus</em></span> <span class='ocrx_word' id='word_1_363' title='bbox 1081 1473 1138 1551; x_wconf 86' lang='lat' dir='ltr'><em>sit,</em></span> <span class='ocrx_word' id='word_1_364' title='bbox 1162 1473 1283 1552; x_wconf 78' lang='lat' dir='ltr'><em>quaestio</em></span> <span class='ocrx_word' id='word_1_365' title='bbox 1304 1485 1361 1542; x_wconf 87' lang='lat' dir='ltr'><em>est,</em></span> <span class='ocrx_word' id='word_1_366' title='bbox 1387 1491 1472 1550; x_wconf 90' lang='lat' dir='ltr'><em>quam</em></span> <span class='ocrx_word' id='word_1_367' title='bbox 1490 1473 1540 1530; x_wconf 79' lang='lat' dir='ltr'><em>rix</em></span> <span class='ocrx_word' id='word_1_368' title='bbox 1567 1472 1722 1550; x_wconf 84' lang='lat' dir='ltr'><em>dijudicari</em></span> 
     </span>
     <span class='ocr_line' id='line_1_60' title="bbox 951 1560 1720 1640; baseline 0 -21"><span class='ocrx_word' id='word_1_369' title='bbox 951 1580 1038 1640; x_wconf 88' lang='lat' dir='ltr'><em>posse</em></span> <span class='ocrx_word' id='word_1_370' title='bbox 1055 1580 1219 1640; x_wconf 85' lang='lat' dir='ltr'><em>speramus,</em></span> <span class='ocrx_word' id='word_1_371' title='bbox 1236 1562 1397 1638; x_wconf 87' lang='lat' dir='ltr'><em>praesertim</em></span> <span class='ocrx_word' id='word_1_372' title='bbox 1412 1580 1502 1637; x_wconf 86' lang='lat' dir='ltr'><em>quum</em></span> <span class='ocrx_word' id='word_1_373' title='bbox 1526 1560 1562 1618; x_wconf 90' lang='lat' dir='ltr'><em>ad</em></span> <span class='ocrx_word' id='word_1_374' title='bbox 1586 1562 1720 1620; x_wconf 87' lang='lat' dir='ltr'><em>codicum</em></span> 
     </span>
     <span class='ocr_line' id='line_1_61' title="bbox 944 1654 1724 1728; baseline -0.017 -16"><span class='ocrx_word' id='word_1_375' title='bbox 944 1655 1154 1723; x_wconf 72' lang='lat' dir='ltr'><em>utsctoritatem</em></span> <span class='ocrx_word' id='word_1_376' title='bbox 1165 1654 1342 1728; x_wconf 85' lang='lat' dir='ltr'><em>scriptorum</em></span> <span class='ocrx_word' id='word_1_377' title='bbox 1352 1667 1469 1724; x_wconf 90' lang='lat' dir='ltr'><em>quoque</em></span> <span class='ocrx_word' id='word_1_378' title='bbox 1476 1665 1637 1722; x_wconf 79' lang='lat' dir='ltr'><em>graecorum</em></span> <span class='ocrx_word' id='word_1_379' title='bbox 1647 1656 1724 1699; x_wconf 79' lang='lat' dir='ltr'><em>testr-</em></span> 
     </span>
     <span class='ocr_line' id='line_1_62' title="bbox 948 1732 1723 1813; baseline -0.015 -14"><span class='ocrx_word' id='word_1_380' title='bbox 948 1743 1045 1800; x_wconf 85' lang='lat' dir='ltr'><em>monia</em></span> <span class='ocrx_word' id='word_1_381' title='bbox 1059 1741 1211 1813; x_wconf 86' lang='lat' dir='ltr'><em>accedant,</em></span> <span class='ocrx_word' id='word_1_382' title='bbox 1222 1739 1300 1798; x_wconf 86' lang='lat' dir='ltr'><em>unde</em></span> <span class='ocrx_word' id='word_1_383' title='bbox 1320 1739 1504 1796; x_wconf 79' lang='lat' dir='ltr'><em>manifestum</em></span> <span class='ocrx_word' id='word_1_384' title='bbox 1522 1735 1587 1792; x_wconf 88' lang='lat' dir='ltr'><em>lieri</em></span> <span class='ocrx_word' id='word_1_385' title='bbox 1605 1732 1723 1790; x_wconf 86' lang='lat' dir='ltr'><em>videtur</em></span> 
     </span>
     <span class='ocr_line' id='line_1_63' title="bbox 950 1821 1719 1900; baseline 0.004 -20"><span class='ocrx_word' id='word_1_386' title='bbox 950 1831 1006 1881; x_wconf 86' lang='lat' dir='ltr'><em>hoc</em></span> <span class='ocrx_word' id='word_1_387' title='bbox 1020 1825 1116 1900; x_wconf 88' lang='lat' dir='ltr'><em>ipsum</em></span> <span class='ocrx_word' id='word_1_388' title='bbox 1135 1835 1337 1898; x_wconf 82' lang='lat' dir='ltr'><em>argumentum</em></span> <span class='ocrx_word' id='word_1_389' title='bbox 1359 1823 1480 1880; x_wconf 88' lang='lat' dir='ltr'><em>uberius</em></span> <span class='ocrx_word' id='word_1_390' title='bbox 1503 1821 1542 1880; x_wconf 88' lang='lat' dir='ltr'><em>ab</em></span> <span class='ocrx_word' id='word_1_391' title='bbox 1563 1821 1719 1884; x_wconf 70' lang='lat' dir='ltr'><em>Aristotele·</em></span> 
     </span>
     <span class='ocr_line' id='line_1_64' title="bbox 950 1909 1720 1972; baseline 0.001 -5"><span class='ocrx_word' id='word_1_392' title='bbox 950 1922 1102 1968; x_wconf 88' lang='lat' dir='ltr'><em>tractatum</em></span> <span class='ocrx_word' id='word_1_393' title='bbox 1115 1927 1188 1972; x_wconf 83' lang='lat' dir='ltr'><em>esse.</em></span> <span class='ocrx_word' id='word_1_394' title='bbox 1203 1911 1244 1970; x_wconf 90' lang='lat' dir='ltr'><em>De</em></span> <span class='ocrx_word' id='word_1_395' title='bbox 1253 1921 1370 1968; x_wconf 82' lang='lat' dir='ltr'><em>auctore</em></span> <span class='ocrx_word' id='word_1_396' title='bbox 1384 1909 1455 1967; x_wconf 89' lang='lat' dir='ltr'><em>libri</em></span> <span class='ocrx_word' id='word_1_397' title='bbox 1470 1928 1551 1968; x_wconf 85' lang='lat' dir='ltr'><em>more</em></span> <span class='ocrx_word' id='word_1_398' title='bbox 1562 1910 1650 1968; x_wconf 85' lang='lat' dir='ltr'><em>solito</em></span> <span class='ocrx_word' id='word_1_399' title='bbox 1665 1912 1695 1970; x_wconf 93' lang='lat' dir='ltr'><em>in</em></span> <span class='ocrx_word' id='word_1_400' title='bbox 1714 1957 1720 1968; x_wconf 90' lang='lat'><em>.</em></span> 
     </span>
     <span class='ocr_line' id='line_1_65' title="bbox 950 1999 1774 2073; baseline 0.002 -21"><span class='ocrx_word' id='word_1_401' title='bbox 950 1999 1131 2072; x_wconf 77' lang='lat' dir='ltr'><em>Eepnritione</em></span> <span class='ocrx_word' id='word_1_402' title='bbox 1140 2018 1225 2073; x_wconf 89' lang='lat' dir='ltr'><em>snpra</em></span> <span class='ocrx_word' id='word_1_403' title='bbox 1237 2001 1333 2054; x_wconf 87' lang='lat' dir='ltr'><em>librum</em></span> <span class='ocrx_word' id='word_1_404' title='bbox 1347 2001 1383 2054; x_wconf 87' lang='lat' dir='ltr'><em>de</em></span> <span class='ocrx_word' id='word_1_405' title='bbox 1395 2001 1578 2054; x_wconf 85' lang='lat' dir='ltr'><em>inundatione</em></span> <span class='ocrx_word' id='word_1_406' title='bbox 1592 2001 1655 2055; x_wconf 81' lang='lat' dir='ltr'><em>Nili</em></span> <span class='ocrx_word' id='word_1_407' title='bbox 1667 2004 1722 2056; x_wconf 87' lang='lat' dir='ltr'><em>col·</em></span> <span class='ocrx_word' id='word_1_408' title='bbox 1771 2002 1774 2009; x_wconf 81' lang='grc'>’</span> 
     </span>
     <span class='ocr_line' id='line_1_66' title="bbox 950 2087 1721 2158; baseline 0 -16"><span class='ocrx_word' id='word_1_409' title='bbox 950 2088 1022 2142; x_wconf 87' lang='lat' dir='ltr'><em>lecta</em></span> <span class='ocrx_word' id='word_1_410' title='bbox 1033 2105 1109 2143; x_wconf 88' lang='lat' dir='ltr'><em>anno</em></span> <span class='ocrx_word' id='word_1_411' title='bbox 1122 2091 1235 2142; x_wconf 87' lang='lat' dir='ltr'><em>Domini</em></span> <span class='ocrx_word' id='word_1_412' title='bbox 1247 2087 1358 2143; x_wconf 84' lang='lat' dir='ltr'><em>MCCC</em></span> <span class='ocrx_word' id='word_1_413' title='bbox 1361 2087 1385 2136; x_wconf 90' lang='lat' dir='ltr'><em>V</em></span> <span class='ocrx_word' id='word_1_414' title='bbox 1386 2090 1421 2140; x_wconf 89' lang='lat' dir='ltr'><em>II</em></span> <span class='ocrx_word' id='word_1_415' title='bbox 1425 2091 1443 2141; x_wconf 85' lang='lat' dir='ltr'><em>l</em></span> <span class='ocrx_word' id='word_1_416' title='bbox 1458 2093 1488 2140; x_wconf 88' lang='lat' dir='ltr'><em>in</em></span> <span class='ocrx_word' id='word_1_417' title='bbox 1503 2089 1688 2158; x_wconf 77' lang='lat' dir='ltr'><em>rogationibus</em></span> <span class='ocrx_word' id='word_1_418' title='bbox 1702 2109 1721 2142; x_wconf 84' lang='lat' dir='ltr'><em>a</em></span> 
     </span>
     <span class='ocr_line' id='line_1_67' title="bbox 948 2172 1722 2249; baseline 0.003 -20"><span class='ocrx_word' id='word_1_419' title='bbox 948 2179 1082 2246; x_wconf 80' lang='lat' dir='ltr'><em>magistro</em></span> <span class='ocrx_word' id='word_1_420' title='bbox 1094 2175 1288 2230; x_wconf 78' lang='lat' dir='ltr'><em>Bartholomeo</em></span> <span class='ocrx_word' id='word_1_421' title='bbox 1295 2176 1331 2228; x_wconf 83' lang='lat' dir='ltr'><em>de</em></span> <span class='ocrx_word' id='word_1_422' title='bbox 1340 2177 1455 2246; x_wconf 70' lang='lat' dir='ltr'><em>derigis,</em></span> <span class='ocrx_word' id='word_1_423' title='bbox 1465 2172 1549 2248; x_wconf 89' lang='lat' dir='ltr'><em>cujus</em></span> <span class='ocrx_word' id='word_1_424' title='bbox 1561 2173 1722 2249; x_wconf 89' lang='lat' dir='ltr'><em>specimina</em></span> 
     </span>
     <span class='ocr_line' id='line_1_68' title="bbox 949 2259 1721 2338; baseline 0.001 -21"><span class='ocrx_word' id='word_1_425' title='bbox 949 2259 1113 2336; x_wconf 87' lang='lat' dir='ltr'><em>quaedame</em></span> <span class='ocrx_word' id='word_1_426' title='bbox 1132 2260 1232 2318; x_wconf 90' lang='lat' dir='ltr'><em>codice</em></span> <span class='ocrx_word' id='word_1_427' title='bbox 1244 2259 1370 2318; x_wconf 84' lang='lat' dir='ltr'><em>Sorbon.</em></span> <span class='ocrx_word' id='word_1_428' title='bbox 1393 2260 1447 2326; x_wconf 68' lang='lat'><em>841</em></span> <span class='ocrx_word' id='word_1_429' title='bbox 1466 2259 1543 2316; x_wconf 88' lang='lat' dir='ltr'><em>edita</em></span> <span class='ocrx_word' id='word_1_430' title='bbox 1562 2272 1629 2316; x_wconf 90' lang='lat' dir='ltr'><em>sunt</em></span> <span class='ocrx_word' id='word_1_431' title='bbox 1644 2261 1721 2338; x_wconf 90' lang='lat' dir='ltr'><em>apud</em></span> 
     </span>
     <span class='ocr_line' id='line_1_69' title="bbox 953 2346 1723 2426; baseline 0 -22"><span class='ocrx_word' id='word_1_432' title='bbox 953 2346 1073 2406; x_wconf 78' lang='lat' dir='ltr'><em>Rosium</em></span> <span class='ocrx_word' id='word_1_433' title='bbox 1083 2368 1114 2426; x_wconf 88' lang='lat' dir='ltr'><em>p.</em></span> <span class='ocrx_word' id='word_1_434' title='bbox 1125 2350 1185 2424; x_wconf 82' lang='lat'><em>639</em></span> <span class='ocrx_word' id='word_1_435' title='bbox 1196 2367 1221 2406; x_wconf 85' lang='lat' dir='ltr'><em>s.</em></span> <span class='ocrx_word' id='word_1_436' title='bbox 1239 2368 1246 2404; x_wconf 73' lang='grc' dir='ltr'><em>τ</em></span> <span class='ocrx_word' id='word_1_437' title='bbox 1262 2349 1338 2405; x_wconf 82' lang='lat' dir='ltr'><em>Nota</em></span> <span class='ocrx_word' id='word_1_438' title='bbox 1346 2355 1439 2422; x_wconf 85' lang='lat' dir='ltr'><em>primo</em></span> <span class='ocrx_word' id='word_1_439' title='bbox 1449 2350 1525 2422; x_wconf 82' lang='lat' dir='ltr'><em>qnod</em></span> <span class='ocrx_word' id='word_1_440' title='bbox 1536 2353 1586 2403; x_wconf 86' lang='lat' dir='ltr'><em>iste</em></span> <span class='ocrx_word' id='word_1_441' title='bbox 1596 2350 1668 2404; x_wconf 86' lang='lat' dir='ltr'><em>liber</em></span> <span class='ocrx_word' id='word_1_442' title='bbox 1679 2357 1723 2405; x_wconf 75' lang='grc' dir='ltr'><em>υἱ-</em></span> 
     </span>
     <span class='ocr_line' id='line_1_70' title="bbox 952 2434 1725 2510; baseline -0.005 -20"><span class='ocrx_word' id='word_1_443' title='bbox 952 2439 1035 2492; x_wconf 88' lang='lat' dir='ltr'><em>detur</em></span> <span class='ocrx_word' id='word_1_444' title='bbox 1049 2434 1148 2508; x_wconf 87' lang='lat' dir='ltr'><em>sactus</em></span> <span class='ocrx_word' id='word_1_445' title='bbox 1166 2455 1226 2492; x_wconf 85' lang='lat' dir='ltr'><em>esre</em></span> <span class='ocrx_word' id='word_1_446' title='bbox 1246 2437 1283 2491; x_wconf 84' lang='lat' dir='ltr'><em>ab</em></span> <span class='ocrx_word' id='word_1_447' title='bbox 1304 2437 1469 2504; x_wconf 82' lang='lat' dir='ltr'><em>Aristotele,</em></span> <span class='ocrx_word' id='word_1_448' title='bbox 1494 2448 1522 2490; x_wconf 88' lang='lat' dir='ltr'><em>et</em></span> <span class='ocrx_word' id='word_1_449' title='bbox 1540 2435 1593 2490; x_wconf 87' lang='lat' dir='ltr'><em>ltoc</em></span> <span class='ocrx_word' id='word_1_450' title='bbox 1609 2453 1725 2510; x_wconf 80' lang='lat' dir='ltr'><em>propter</em></span> 
     </span>
     <span class='ocr_line' id='line_1_71' title="bbox 953 2526 1722 2600; baseline 0.001 -22"><span class='ocrx_word' id='word_1_451' title='bbox 953 2531 1027 2600; x_wconf 80' lang='lat' dir='ltr'><em>tria,</em></span> <span class='ocrx_word' id='word_1_452' title='bbox 1050 2531 1146 2599; x_wconf 88' lang='lat' dir='ltr'><em>primo</em></span> <span class='ocrx_word' id='word_1_453' title='bbox 1173 2531 1241 2599; x_wconf 86' lang='lat' dir='ltr'><em>quia</em></span> <span class='ocrx_word' id='word_1_454' title='bbox 1269 2526 1388 2578; x_wconf 84' lang='lat' dir='ltr'><em>similem</em></span> <span class='ocrx_word' id='word_1_455' title='bbox 1416 2526 1526 2577; x_wconf 76' lang='lat' dir='ltr'><em>mmlttm</em></span> <span class='ocrx_word' id='word_1_456' title='bbox 1552 2527 1722 2597; x_wconf 84' lang='lat' dir='ltr'><em>procedendi</em></span> 
     </span>
     <span class='ocr_line' id='line_1_72' title="bbox 953 2611 1724 2688; baseline 0 -22"><span class='ocrx_word' id='word_1_457' title='bbox 953 2611 1041 2666; x_wconf 78' lang='lat' dir='ltr'><em>habet</em></span> <span class='ocrx_word' id='word_1_458' title='bbox 1064 2619 1093 2666; x_wconf 85' lang='lat' dir='ltr'><em>in</em></span> <span class='ocrx_word' id='word_1_459' title='bbox 1112 2617 1178 2681; x_wconf 89' lang='lat' dir='ltr'><em>isto,</em></span> <span class='ocrx_word' id='word_1_460' title='bbox 1200 2613 1306 2664; x_wconf 87' lang='lat' dir='ltr'><em>scilicet</em></span> <span class='ocrx_word' id='word_1_461' title='bbox 1323 2616 1414 2683; x_wconf 81' lang='lat' dir='ltr'><em>prirrw</em></span> <span class='ocrx_word' id='word_1_462' title='bbox 1429 2612 1563 2688; x_wconf 21' lang='lat' dir='ltr'><em>„macedo</em></span> <span class='ocrx_word' id='word_1_463' title='bbox 1584 2617 1724 2684; x_wconf 83' lang='lat' dir='ltr'><em>opiniones</em></span> 
     </span>
     <span class='ocr_line' id='line_1_73' title="bbox 952 2700 1721 2773; baseline 0 -21"><span class='ocrx_word' id='word_1_464' title='bbox 952 2701 1071 2754; x_wconf 87' lang='lat' dir='ltr'><em>aliorum</em></span> <span class='ocrx_word' id='word_1_465' title='bbox 1085 2713 1152 2755; x_wconf 87' lang='lat' dir='ltr'><em>ante</em></span> <span class='ocrx_word' id='word_1_466' title='bbox 1164 2703 1328 2773; x_wconf 83' lang='lat' dir='ltr'><em>propriam,</em></span> <span class='ocrx_word' id='word_1_467' title='bbox 1350 2704 1421 2751; x_wconf 86' lang='lat' dir='ltr'><em>sient</em></span> <span class='ocrx_word' id='word_1_468' title='bbox 1435 2704 1464 2752; x_wconf 85' lang='lat' dir='ltr'><em>in</em></span> <span class='ocrx_word' id='word_1_469' title='bbox 1479 2700 1546 2752; x_wconf 85' lang='lat' dir='ltr'><em>aliis</em></span> <span class='ocrx_word' id='word_1_470' title='bbox 1560 2700 1635 2753; x_wconf 83' lang='lat' dir='ltr'><em>libris</em></span> <span class='ocrx_word' id='word_1_471' title='bbox 1647 2707 1721 2764; x_wconf 84' lang='lat' dir='ltr'><em>suis,</em></span> 
     </span>
     <span class='ocr_line' id='line_1_74' title="bbox 951 2783 1722 2858; baseline 0.001 -19"><span class='ocrx_word' id='word_1_472' title='bbox 951 2789 1070 2841; x_wconf 87' lang='lat' dir='ltr'><em>secundo</em></span> <span class='ocrx_word' id='word_1_473' title='bbox 1083 2807 1120 2842; x_wconf 81' lang='lat' dir='ltr'><em>aar</em></span> <span class='ocrx_word' id='word_1_474' title='bbox 1130 2788 1208 2853; x_wconf 87' lang='lat' dir='ltr'><em>stilo,</em></span> <span class='ocrx_word' id='word_1_475' title='bbox 1224 2791 1284 2856; x_wconf 77' lang='lat' dir='ltr'><em>ejas</em></span> <span class='ocrx_word' id='word_1_476' title='bbox 1293 2790 1341 2858; x_wconf 87' lang='lat' dir='ltr'><em>qui</em></span> <span class='ocrx_word' id='word_1_477' title='bbox 1353 2783 1439 2839; x_wconf 77' lang='lat' dir='ltr'><em>breuis</em></span> <span class='ocrx_word' id='word_1_478' title='bbox 1447 2797 1475 2838; x_wconf 91' lang='lat' dir='ltr'><em>et</em></span> <span class='ocrx_word' id='word_1_479' title='bbox 1484 2786 1612 2839; x_wconf 79' lang='lat' dir='ltr'><em>obscurus</em></span> <span class='ocrx_word' id='word_1_480' title='bbox 1624 2805 1722 2841; x_wconf 85' lang='lat' dir='ltr'><em>secan-</em></span> 
     </span>
     <span class='ocr_line' id='line_1_75' title="bbox 951 2875 1723 2945; baseline 0.001 -18"><span class='ocrx_word' id='word_1_481' title='bbox 951 2875 1016 2928; x_wconf 87' lang='lat' dir='ltr'><em>dum</em></span> <span class='ocrx_word' id='word_1_482' title='bbox 1027 2876 1180 2944; x_wconf 86' lang='lat' dir='ltr'><em>subjectam</em></span> <span class='ocrx_word' id='word_1_483' title='bbox 1194 2879 1353 2938; x_wconf 85' lang='lat' dir='ltr'><em>materiam,</em></span> <span class='ocrx_word' id='word_1_484' title='bbox 1365 2878 1446 2926; x_wconf 84' lang='lat' dir='ltr'><em>tercio</em></span> <span class='ocrx_word' id='word_1_485' title='bbox 1460 2878 1527 2944; x_wconf 84' lang='lat' dir='ltr'><em>quin</em></span> <span class='ocrx_word' id='word_1_486' title='bbox 1536 2875 1655 2945; x_wconf 87' lang='lat' dir='ltr'><em>quedam</em></span> <span class='ocrx_word' id='word_1_487' title='bbox 1666 2888 1723 2928; x_wconf 90' lang='lat' dir='ltr'><em>tra-</em></span> 
     </span>
     <span class='ocr_line' id='line_1_76' title="bbox 951 2958 1540 3031; baseline 0.002 -16"><span class='ocrx_word' id='word_1_488' title='bbox 951 2963 1011 3016; x_wconf 88' lang='lat' dir='ltr'><em>dita</em></span> <span class='ocrx_word' id='word_1_489' title='bbox 1026 2967 1054 3015; x_wconf 90' lang='lat' dir='ltr'><em>in</em></span> <span class='ocrx_word' id='word_1_490' title='bbox 1067 2962 1137 3016; x_wconf 86' lang='lat' dir='ltr'><em>libro</em></span> <span class='ocrx_word' id='word_1_491' title='bbox 1146 2960 1342 3014; x_wconf 78' lang='lat' dir='ltr'><em>medicatorum</em></span> <span class='ocrx_word' id='word_1_492' title='bbox 1355 2958 1400 3012; x_wconf 77' lang='lat' dir='ltr'><em>luc</em></span> <span class='ocrx_word' id='word_1_493' title='bbox 1413 2961 1540 3031; x_wconf 88' lang='lat' dir='ltr'><em>replicat.</em></span> 
     </span>
    </p>

    <p class='ocr_par' dir='ltr' id='par_1_11' title="bbox 947 3043 1724 4000">
     <span class='ocr_line' id='line_1_77' title="bbox 991 3043 1721 3123; baseline 0.001 -19"><span class='ocrx_word' id='word_1_494' title='bbox 991 3047 1125 3105; x_wconf 86' lang='lat' dir='ltr'><em>Ceterum</em></span> <span class='ocrx_word' id='word_1_495' title='bbox 1140 3046 1177 3104; x_wconf 90' lang='lat' dir='ltr'><em>de</em></span> <span class='ocrx_word' id='word_1_496' title='bbox 1189 3044 1255 3102; x_wconf 89' lang='lat' dir='ltr'><em>Nilo</em></span> <span class='ocrx_word' id='word_1_497' title='bbox 1280 3043 1416 3123; x_wconf 89' lang='lat' dir='ltr'><em>pluribus</em></span> <span class='ocrx_word' id='word_1_498' title='bbox 1434 3043 1470 3101; x_wconf 93' lang='lat' dir='ltr'><em>ab</em></span> <span class='ocrx_word' id='word_1_499' title='bbox 1488 3045 1642 3105; x_wconf 84' lang='lat' dir='ltr'><em>Aristotele</em></span> <span class='ocrx_word' id='word_1_500' title='bbox 1658 3047 1721 3105; x_wconf 92' lang='lat' dir='ltr'><em>dic·</em></span> 
     </span>
     <span class='ocr_line' id='line_1_78' title="bbox 951 3131 1721 3210; baseline 0.001 -18"><span class='ocrx_word' id='word_1_501' title='bbox 951 3147 1011 3192; x_wconf 89' lang='lat' dir='ltr'><em>tum</em></span> <span class='ocrx_word' id='word_1_502' title='bbox 1031 3135 1131 3204; x_wconf 86' lang='lat' dir='ltr'><em>luisse,</em></span> <span class='ocrx_word' id='word_1_503' title='bbox 1156 3135 1187 3190; x_wconf 93' lang='lat' dir='ltr'><em>in</em></span> <span class='ocrx_word' id='word_1_504' title='bbox 1202 3133 1343 3210; x_wconf 89' lang='lat' dir='ltr'><em>ampliore</em></span> <span class='ocrx_word' id='word_1_505' title='bbox 1367 3131 1508 3189; x_wconf 87' lang='lat' dir='ltr'><em>librorum</em></span> <span class='ocrx_word' id='word_1_506' title='bbox 1523 3131 1559 3190; x_wconf 92' lang='lat' dir='ltr'><em>de</em></span> <span class='ocrx_word' id='word_1_507' title='bbox 1579 3132 1721 3192; x_wconf 85' lang='lat' dir='ltr'><em>lileteoro·</em></span> 
     </span>
     <span class='ocr_line' id='line_1_79' title="bbox 953 3217 1723 3296; baseline 0.001 -18"><span class='ocrx_word' id='word_1_508' title='bbox 953 3219 1032 3296; x_wconf 84' lang='lat' dir='ltr'><em>logia</em></span> <span class='ocrx_word' id='word_1_509' title='bbox 1057 3221 1245 3294; x_wconf 84' lang='lat' dir='ltr'><em>recensione,</em></span> <span class='ocrx_word' id='word_1_510' title='bbox 1259 3217 1422 3295; x_wconf 84' lang='lat' dir='ltr'><em>conjecerat</em></span> <span class='ocrx_word' id='word_1_511' title='bbox 1442 3217 1511 3276; x_wconf 90' lang='lat' dir='ltr'><em>olim</em></span> <span class='ocrx_word' id='word_1_512' title='bbox 1527 3217 1670 3292; x_wconf 89' lang='lat' dir='ltr'><em>ldelerus,</em></span> <span class='ocrx_word' id='word_1_513' title='bbox 1691 3223 1723 3279; x_wconf 89' lang='lat' dir='ltr'><em>in</em></span> 
     </span>
     <span class='ocr_line' id='line_1_80' title="bbox 952 3305 1724 3383; baseline 0.003 -19"><span class='ocrx_word' id='word_1_514' title='bbox 952 3327 1059 3368; x_wconf 85' lang='lat' dir='ltr'><em>comm.</em></span> <span class='ocrx_word' id='word_1_515' title='bbox 1075 3307 1111 3367; x_wconf 88' lang='lat' dir='ltr'><em>ad</em></span> <span class='ocrx_word' id='word_1_516' title='bbox 1125 3309 1246 3366; x_wconf 75' lang='lat' dir='ltr'><em>Aristot.</em></span> <span class='ocrx_word' id='word_1_517' title='bbox 1259 3306 1424 3376; x_wconf 87' lang='lat' dir='ltr'><em>lleteorol.,</em></span> <span class='ocrx_word' id='word_1_518' title='bbox 1441 3318 1459 3364; x_wconf 93' lang='lat' dir='ltr'><em>t.</em></span> <span class='ocrx_word' id='word_1_519' title='bbox 1472 3305 1499 3381; x_wconf 86' lang='lat' dir='ltr'><em>l,</em></span> <span class='ocrx_word' id='word_1_520' title='bbox 1511 3325 1542 3383; x_wconf 90' lang='lat' dir='ltr'><em>p.</em></span> <span class='ocrx_word' id='word_1_521' title='bbox 1557 3307 1624 3379; x_wconf 65' lang='lat'><em>467,</em></span> <span class='ocrx_word' id='word_1_522' title='bbox 1635 3307 1724 3367; x_wconf 91' lang='lat' dir='ltr'><em>nullis</em></span> 
     </span>
     <span class='ocr_line' id='line_1_81' title="bbox 953 3392 1723 3473; baseline -0.001 -19"><span class='ocrx_word' id='word_1_523' title='bbox 953 3409 1049 3454; x_wconf 88' lang='lat' dir='ltr'><em>tamen</em></span> <span class='ocrx_word' id='word_1_524' title='bbox 1071 3399 1141 3454; x_wconf 88' lang='lat' dir='ltr'><em>satis</em></span> <span class='ocrx_word' id='word_1_525' title='bbox 1163 3395 1239 3473; x_wconf 90' lang='lat' dir='ltr'><em>aptis</em></span> <span class='ocrx_word' id='word_1_526' title='bbox 1260 3394 1437 3470; x_wconf 77' lang='lat' dir='ltr'><em>argumentis</em></span> <span class='ocrx_word' id='word_1_527' title='bbox 1459 3393 1496 3452; x_wconf 89' lang='lat' dir='ltr'><em>ad</em></span> <span class='ocrx_word' id='word_1_528' title='bbox 1513 3413 1594 3452; x_wconf 88' lang='lat' dir='ltr'><em>suam</em></span> <span class='ocrx_word' id='word_1_529' title='bbox 1613 3392 1649 3451; x_wconf 91' lang='lat' dir='ltr'><em>de</em></span> <span class='ocrx_word' id='word_1_530' title='bbox 1669 3396 1723 3453; x_wconf 89' lang='lat' dir='ltr'><em>du·</em></span> 
     </span>
     <span class='ocr_line' id='line_1_82' title="bbox 953 3481 1724 3561; baseline 0.003 -21"><span class='ocrx_word' id='word_1_531' title='bbox 953 3483 1024 3561; x_wconf 90' lang='lat' dir='ltr'><em>plici</em></span> <span class='ocrx_word' id='word_1_532' title='bbox 1044 3483 1214 3542; x_wconf 88' lang='lat' dir='ltr'><em>recensione</em></span> <span class='ocrx_word' id='word_1_533' title='bbox 1234 3482 1402 3559; x_wconf 90' lang='lat' dir='ltr'><em>opinionem</em></span> <span class='ocrx_word' id='word_1_534' title='bbox 1424 3481 1650 3540; x_wconf 82' lang='lat' dir='ltr'><em>confirmandam</em></span> <span class='ocrx_word' id='word_1_535' title='bbox 1675 3484 1724 3542; x_wconf 91' lang='lat' dir='ltr'><em>ad·</em></span> 
     </span>
     <span class='ocr_line' id='line_1_83' title="bbox 951 3569 1719 3648; baseline 0 -18"><span class='ocrx_word' id='word_1_536' title='bbox 951 3571 1032 3630; x_wconf 89' lang='lat' dir='ltr'><em>ditis.</em></span> <span class='ocrx_word' id='word_1_537' title='bbox 1047 3571 1142 3630; x_wconf 88' lang='lat' dir='ltr'><em>Locus</em></span> <span class='ocrx_word' id='word_1_538' title='bbox 1152 3584 1215 3628; x_wconf 88' lang='lat' dir='ltr'><em>erat</em></span> <span class='ocrx_word' id='word_1_539' title='bbox 1233 3569 1303 3628; x_wconf 90' lang='lat' dir='ltr'><em>libri</em></span> <span class='ocrx_word' id='word_1_540' title='bbox 1315 3569 1406 3648; x_wconf 86' lang='lat' dir='ltr'><em>primi</em></span> <span class='ocrx_word' id='word_1_541' title='bbox 1421 3582 1508 3647; x_wconf 89' lang='lat' dir='ltr'><em>caput</em></span> <span class='ocrx_word' id='word_1_542' title='bbox 1523 3570 1719 3630; x_wconf 89' lang='lat' dir='ltr'><em>tertiumdeci-</em></span> 
     </span>
     <span class='ocr_line' id='line_1_84' title="bbox 951 3657 1721 3738; baseline 0.003 -22"><span class='ocrx_word' id='word_1_543' title='bbox 951 3678 1042 3730; x_wconf 92' lang='lat' dir='ltr'><em>mum,</em></span> <span class='ocrx_word' id='word_1_544' title='bbox 1062 3658 1141 3736; x_wconf 90' lang='lat' dir='ltr'><em>quod</em></span> <span class='ocrx_word' id='word_1_545' title='bbox 1155 3670 1253 3738; x_wconf 84' lang='lat' dir='ltr'><em>aperte</em></span> <span class='ocrx_word' id='word_1_546' title='bbox 1269 3657 1396 3736; x_wconf 88' lang='lat' dir='ltr'><em>respexit</em></span> <span class='ocrx_word' id='word_1_547' title='bbox 1408 3657 1531 3716; x_wconf 83' lang='lat' dir='ltr'><em>Procius</em></span> <span class='ocrx_word' id='word_1_548' title='bbox 1542 3659 1575 3716; x_wconf 90' lang='lat' dir='ltr'><em>in</em></span> <span class='ocrx_word' id='word_1_549' title='bbox 1590 3658 1721 3718; x_wconf 89' lang='lat' dir='ltr'><em>Platonis</em></span> 
     </span>
     <span class='ocr_line' id='line_1_85' title="bbox 949 3746 1722 3826; baseline 0.001 -22"><span class='ocrx_word' id='word_1_550' title='bbox 949 3747 1104 3822; x_wconf 82' lang='lat' dir='ltr'><em>Timaeum,</em></span> <span class='ocrx_word' id='word_1_551' title='bbox 1117 3767 1148 3826; x_wconf 89' lang='lat' dir='ltr'><em>p.</em></span> <span class='ocrx_word' id='word_1_552' title='bbox 1170 3749 1219 3821; x_wconf 80' lang='lat'><em>37,</em></span> <span class='ocrx_word' id='word_1_553' title='bbox 1238 3746 1357 3824; x_wconf 86' lang='lat' dir='ltr'><em>adjectis</em></span> <span class='ocrx_word' id='word_1_554' title='bbox 1377 3760 1472 3804; x_wconf 89' lang='lat' dir='ltr'><em>tamen</em></span> <span class='ocrx_word' id='word_1_555' title='bbox 1487 3747 1637 3805; x_wconf 90' lang='lat' dir='ltr'><em>nonnullis</em></span> <span class='ocrx_word' id='word_1_556' title='bbox 1658 3767 1722 3824; x_wconf 83' lang='lat' dir='ltr'><em>quae</em></span> 
     </span>
     <span class='ocr_line' id='line_1_86' title="bbox 947 3833 1718 3913; baseline 0 -21"><span class='ocrx_word' id='word_1_557' title='bbox 947 3836 982 3892; x_wconf 91' lang='lat' dir='ltr'><em>ad</em></span> <span class='ocrx_word' id='word_1_558' title='bbox 1004 3835 1189 3913; x_wconf 89' lang='lat' dir='ltr'><em>deperditum</em></span> <span class='ocrx_word' id='word_1_559' title='bbox 1208 3833 1351 3912; x_wconf 89' lang='lat' dir='ltr'><em>quendam</em></span> <span class='ocrx_word' id='word_1_560' title='bbox 1377 3833 1486 3892; x_wconf 89' lang='lat' dir='ltr'><em>dehac</em></span> <span class='ocrx_word' id='word_1_561' title='bbox 1506 3834 1665 3910; x_wconf 88' lang='lat' dir='ltr'><em>quaestione</em></span> <span class='ocrx_word' id='word_1_562' title='bbox 1683 3837 1718 3892; x_wconf 94' lang='lat' dir='ltr'><em>li·</em></span> 
     </span>
     <span class='ocr_line' id='line_1_87' title="bbox 947 3918 1599 4000; baseline 0 -22"><span class='ocrx_word' id='word_1_563' title='bbox 947 3921 1033 3980; x_wconf 85' lang='lat' dir='ltr'><em>brum</em></span> <span class='ocrx_word' id='word_1_564' title='bbox 1048 3923 1196 4000; x_wconf 88' lang='lat' dir='ltr'><em>pertinere</em></span> <span class='ocrx_word' id='word_1_565' title='bbox 1207 3921 1354 3980; x_wconf 89' lang='lat' dir='ltr'><em>videntur.</em></span> <span class='ocrx_word' id='word_1_566' title='bbox 1368 3918 1413 3978; x_wconf 82' lang='lat' dir='ltr'><em>et.</em></span> <span class='ocrx_word' id='word_1_567' title='bbox 1430 3921 1506 3979; x_wconf 87' lang='lat' dir='ltr'><em>infra</em></span> <span class='ocrx_word' id='word_1_568' title='bbox 1519 3921 1556 3979; x_wconf 82' lang='lat' dir='ltr'><em>fr.</em></span> <span class='ocrx_word' id='word_1_569' title='bbox 1571 3941 1599 3978; x_wconf 84' lang='lat' dir='ltr'><em>a.</em></span> 
     </span>
    </p>
   </div>
   <div class='ocr_carea' id='block_1_10' title="bbox 1266 4068 1403 4147">
    <p class='ocr_par' dir='ltr' id='par_1_12' title="bbox 1266 4068 1403 4147">
     <span class='ocr_line' id='line_1_88' title="bbox 1266 4068 1403 4147; baseline 0.015 -20"><span class='ocrx_word' id='word_1_570' title='bbox 1266 4068 1403 4147; x_wconf 57' lang='lat' dir='ltr'><em>dass).</em></span> 
     </span>
    </p>
   </div>
   <div class='ocr_carea' id='block_1_11' title="bbox 947 4210 1721 4819">
    <p class='ocr_par' dir='ltr' id='par_1_13' title="bbox 947 4210 1721 4819">
     <span class='ocr_line' id='line_1_89' title="bbox 989 4210 1718 4292; baseline 0.001 -19"><span class='ocrx_word' id='word_1_571' title='bbox 989 4215 1117 4274; x_wconf 88' lang='lat' dir='ltr'><em>loannes</em></span> <span class='ocrx_word' id='word_1_572' title='bbox 1125 4214 1243 4292; x_wconf 89' lang='lat' dir='ltr'><em>Philop.</em></span> <span class='ocrx_word' id='word_1_573' title='bbox 1253 4215 1283 4271; x_wconf 90' lang='lat' dir='ltr'><em>iu</em></span> <span class='ocrx_word' id='word_1_574' title='bbox 1291 4214 1379 4272; x_wconf 75' lang='lat' dir='ltr'><em>Arist.</em></span> <span class='ocrx_word' id='word_1_575' title='bbox 1390 4213 1426 4271; x_wconf 91' lang='lat' dir='ltr'><em>de</em></span> <span class='ocrx_word' id='word_1_576' title='bbox 1436 4213 1541 4271; x_wconf 85' lang='lat' dir='ltr'><em>Gener.</em></span> <span class='ocrx_word' id='word_1_577' title='bbox 1546 4210 1718 4291; x_wconf 85' lang='lat' dir='ltr'><em>etCorrupt.</em></span> 
     </span>
     <span class='ocr_line' id='line_1_90' title="bbox 950 4298 1721 4381; baseline -0.001 -20"><span class='ocrx_word' id='word_1_578' title='bbox 950 4302 986 4380; x_wconf 92' lang='lat' dir='ltr'><em>(l,</em></span> <span class='ocrx_word' id='word_1_579' title='bbox 1003 4305 1032 4374; x_wconf 85' lang='lat'><em>5,</em></span> <span class='ocrx_word' id='word_1_580' title='bbox 1047 4305 1076 4378; x_wconf 80' lang='lat'><em>8)</em></span> <span class='ocrx_word' id='word_1_581' title='bbox 1099 4302 1148 4360; x_wconf 89' lang='lat' dir='ltr'><em>sol.</em></span> <span class='ocrx_word' id='word_1_582' title='bbox 1170 4323 1206 4360; x_wconf 81' lang='lat' dir='ltr'><em>aa</em></span> <span class='ocrx_word' id='word_1_583' title='bbox 1234 4313 1313 4360; x_wconf 82' lang='lat' dir='ltr'><em>recto</em></span> <span class='ocrx_word' id='word_1_584' title='bbox 1330 4321 1338 4360; x_wconf 81' lang='lat' dir='ltr'><em>t</em></span> <span class='ocrx_word' id='word_1_585' title='bbox 1358 4298 1509 4381; x_wconf 75' lang='lat' dir='ltr'><em>lls&#39;puaebl</em></span> <span class='ocrx_word' id='word_1_586' title='bbox 1524 4303 1721 4375; x_wconf 61' lang='lat' dir='ltr'><em>assisteretis</em></span> 
     </span>
     <span class='ocr_line' id='line_1_91' title="bbox 951 4385 1720 4471; baseline -0.001 -24"><span class='ocrx_word' id='word_1_587' title='bbox 951 4389 1001 4471; x_wconf 79' lang='grc' dir='ltr'>ιἰὴρ</span> <span class='ocrx_word' id='word_1_588' title='bbox 1015 4391 1092 4467; x_wconf 71' lang='lat' dir='ltr'><em>scil.)</em></span> <span class='ocrx_word' id='word_1_589' title='bbox 1106 4387 1153 4448; x_wconf 79' lang='lat' dir='ltr'><em>eal</em></span> <span class='ocrx_word' id='word_1_590' title='bbox 1173 4391 1209 4454; x_wconf 78' lang='lat' dir='ltr'><em>eie</em></span> <span class='ocrx_word' id='word_1_591' title='bbox 1227 4387 1320 4448; x_wconf 69' lang='grc' dir='ltr'>ἑαυτὸν</span> <span class='ocrx_word' id='word_1_592' title='bbox 1342 4386 1485 4455; x_wconf 73' lang='grc' dir='ltr'>συνιζάνειν</span> <span class='ocrx_word' id='word_1_593' title='bbox 1498 4388 1527 4446; x_wconf 81' lang='grc' dir='ltr'><em>οὗ</em></span> <span class='ocrx_word' id='word_1_594' title='bbox 1547 4385 1624 4465; x_wconf 81' lang='grc' dir='ltr'>μόνον</span> <span class='ocrx_word' id='word_1_595' title='bbox 1636 4389 1720 4467; x_wconf 79' lang='grc' dir='ltr'>ψυχό-</span> 
     </span>
     <span class='ocr_line' id='line_1_92' title="bbox 950 4475 1720 4558; baseline -0.005 -22"><span class='ocrx_word' id='word_1_596' title='bbox 950 4501 1025 4554; x_wconf 83' lang='grc' dir='ltr'>μενος</span> <span class='ocrx_word' id='word_1_597' title='bbox 1047 4478 1091 4558; x_wconf 83' lang='lat' dir='ltr'><em>(cl.</em></span> <span class='ocrx_word' id='word_1_598' title='bbox 1116 4479 1206 4536; x_wconf 80' lang='lat' dir='ltr'><em>Arist.</em></span> <span class='ocrx_word' id='word_1_599' title='bbox 1228 4477 1379 4535; x_wconf 84' lang='lat' dir='ltr'><em>Meteorol.</em></span> <span class='ocrx_word' id='word_1_600' title='bbox 1397 4475 1422 4548; x_wconf 92' lang='lat' dir='ltr'><em>l,</em></span> <span class='ocrx_word' id='word_1_601' title='bbox 1438 4498 1468 4553; x_wconf 91' lang='lat'><em>9,</em></span> <span class='ocrx_word' id='word_1_602' title='bbox 1484 4478 1501 4534; x_wconf 81' lang='lat'>3</span> <span class='ocrx_word' id='word_1_603' title='bbox 1516 4489 1546 4533; x_wconf 87' lang='lat' dir='ltr'><em>et</em></span> <span class='ocrx_word' id='word_1_604' title='bbox 1558 4497 1584 4536; x_wconf 93' lang='lat' dir='ltr'><em>c.</em></span> <span class='ocrx_word' id='word_1_605' title='bbox 1604 4496 1650 4548; x_wconf 81' lang='grc' dir='ltr'><em>ιο,</em></span> <span class='ocrx_word' id='word_1_606' title='bbox 1674 4476 1720 4556; x_wconf 83' lang='grc' dir='ltr'><em>ι9)</em></span> 
     </span>
     <span class='ocr_line' id='line_1_93' title="bbox 951 4562 1719 4642; baseline -0.001 -19"><span class='ocrx_word' id='word_1_607' title='bbox 951 4567 1018 4626; x_wconf 73' lang='lat' dir='ltr'><em>stit</em></span> <span class='ocrx_word' id='word_1_608' title='bbox 1031 4565 1077 4624; x_wconf 81' lang='grc' dir='ltr'><em>καὶ</em></span> <span class='ocrx_word' id='word_1_609' title='bbox 1089 4564 1234 4642; x_wconf 80' lang='grc' dir='ltr'>ὠθούμενος</span> <span class='ocrx_word' id='word_1_610' title='bbox 1247 4563 1293 4623; x_wconf 80' lang='grc' dir='ltr'><em>καὶ</em></span> <span class='ocrx_word' id='word_1_611' title='bbox 1306 4562 1471 4640; x_wconf 82' lang='grc' dir='ltr'>πιλούμενος.</span> <span class='ocrx_word' id='word_1_612' title='bbox 1483 4563 1563 4623; x_wconf 77' lang='grc' dir='ltr'>Οὕτω</span> <span class='ocrx_word' id='word_1_613' title='bbox 1577 4568 1637 4640; x_wconf 78' lang='grc' dir='ltr'>γοῦν</span> <span class='ocrx_word' id='word_1_614' title='bbox 1653 4565 1719 4622; x_wconf 77' lang='grc' dir='ltr'>ἀπο-</span> 
     </span>
     <span class='ocr_line' id='line_1_94' title="bbox 949 4651 1720 4734; baseline -0.004 -21"><span class='ocrx_word' id='word_1_615' title='bbox 949 4653 1063 4734; x_wconf 80' lang='grc' dir='ltr'>δέδειχεν</span> <span class='ocrx_word' id='word_1_616' title='bbox 1085 4657 1098 4711; x_wconf 80' lang='lat' dir='ltr'><em>b</em></span> <span class='ocrx_word' id='word_1_617' title='bbox 1117 4651 1351 4732; x_wconf 74' lang='grc' dir='ltr'>Ἀριστοτέλης</span> <span class='ocrx_word' id='word_1_618' title='bbox 1369 4653 1395 4709; x_wconf 82' lang='grc' dir='ltr'><em>ἐν</em></span> <span class='ocrx_word' id='word_1_619' title='bbox 1410 4653 1478 4731; x_wconf 82' lang='grc' dir='ltr'>θέρει</span> <span class='ocrx_word' id='word_1_620' title='bbox 1498 4652 1524 4709; x_wconf 75' lang='grc' dir='ltr'><em>ἐν</em></span> <span class='ocrx_word' id='word_1_621' title='bbox 1548 4653 1581 4729; x_wconf 83' lang='grc' dir='ltr'><em>τῆ</em></span> <span class='ocrx_word' id='word_1_622' title='bbox 1597 4652 1720 4731; x_wconf 66' lang='grc' dir='ltr'>Αἰθιοπίᾳ</span> 
     </span>
     <span class='ocr_line' id='line_1_95' title="bbox 947 4738 1719 4819; baseline -0.003 -18"><span class='ocrx_word' id='word_1_623' title='bbox 947 4741 1005 4808; x_wconf 72' lang='lat' dir='ltr'><em>sobe</em></span> <span class='ocrx_word' id='word_1_624' title='bbox 1016 4740 1103 4808; x_wconf 77' lang='grc' dir='ltr'>ὑετοὺς</span> <span class='ocrx_word' id='word_1_625' title='bbox 1113 4739 1274 4819; x_wconf 70' lang='grc' dir='ltr'>γινομένους·</span> <span class='ocrx_word' id='word_1_626' title='bbox 1288 4738 1437 4816; x_wconf 85' lang='grc' dir='ltr'>ὠθουμένης</span> <span class='ocrx_word' id='word_1_627' title='bbox 1445 4739 1495 4819; x_wconf 63' lang='grc' dir='ltr'><em>γὰρ</em></span> <span class='ocrx_word' id='word_1_628' title='bbox 1510 4742 1556 4809; x_wconf 81' lang='grc' dir='ltr'><em>τῆς</em></span> <span class='ocrx_word' id='word_1_629' title='bbox 1568 4741 1598 4797; x_wconf 77' lang='grc' dir='ltr'><em>ἐκ</em></span> <span class='ocrx_word' id='word_1_630' title='bbox 1610 4741 1662 4796; x_wconf 82' lang='grc' dir='ltr'><em>τῶν</em></span> <span class='ocrx_word' id='word_1_631' title='bbox 1671 4743 1719 4819; x_wconf 90' lang='grc' dir='ltr'><em>βο-</em></span> 
     </span>
    </p>
   </div>
   <div class='ocr_carea' id='block_1_12' title="bbox 946 4983 1720 5050">
    <p class='ocr_par' dir='ltr' id='par_1_14' title="bbox 946 4948 1720 5050">
     <span class='ocr_line' id='line_1_96' title="bbox 946 4983 1720 5050; baseline -0.009 -11"><span class='ocrx_word' id='word_1_632' title='bbox 946 4988 991 5039; x_wconf 90' lang='lat' dir='ltr'><em>sed</em></span> <span class='ocrx_word' id='word_1_633' title='bbox 1004 4988 1079 5038; x_wconf 88' lang='lat' dir='ltr'><em>etiam</em></span> <span class='ocrx_word' id='word_1_634' title='bbox 1094 4987 1181 5050; x_wconf 84' lang='lat' dir='ltr'><em>pulsus</em></span> <span class='ocrx_word' id='word_1_635' title='bbox 1192 4988 1218 5036; x_wconf 88' lang='lat' dir='ltr'><em>et</em></span> <span class='ocrx_word' id='word_1_636' title='bbox 1230 4997 1394 5048; x_wconf 84' lang='lat' dir='ltr'><em>compressus.</em></span> <span class='ocrx_word' id='word_1_637' title='bbox 1409 4986 1447 5034; x_wconf 84' lang='lat' dir='ltr'><em>lta</em></span> <span class='ocrx_word' id='word_1_638' title='bbox 1458 4984 1533 5048; x_wconf 76' lang='lat' dir='ltr'><em>igitur</em></span> <span class='ocrx_word' id='word_1_639' title='bbox 1544 4983 1653 5035; x_wconf 88' lang='lat' dir='ltr'><em>ostendit</em></span> <span class='ocrx_word' id='word_1_640' title='bbox 1663 4984 1720 5033; x_wconf 78' lang='lat' dir='ltr'><em>Ari·</em></span> 
     </span>
    </p>
   </div>
   <div class='ocr_carea' id='block_1_13' title="bbox 947 5099 1718 5165">
    <p class='ocr_par' dir='ltr' id='par_1_15' title="bbox 947 5099 1718 5165">
     <span class='ocr_line' id='line_1_97' title="bbox 947 5099 1718 5165; baseline -0.004 -13"><span class='ocrx_word' id='word_1_641' title='bbox 947 5103 1049 5154; x_wconf 82' lang='lat' dir='ltr'><em>stoieles</em></span> <span class='ocrx_word' id='word_1_642' title='bbox 1060 5105 1146 5153; x_wconf 78' lang='lat' dir='ltr'><em>estate</em></span> <span class='ocrx_word' id='word_1_643' title='bbox 1164 5101 1253 5150; x_wconf 88' lang='lat' dir='ltr'><em>imbres</em></span> <span class='ocrx_word' id='word_1_644' title='bbox 1273 5101 1338 5165; x_wconf 79' lang='lat' dir='ltr'><em>gigrri</em></span> <span class='ocrx_word' id='word_1_645' title='bbox 1356 5100 1381 5150; x_wconf 94' lang='lat' dir='ltr'><em>in</em></span> <span class='ocrx_word' id='word_1_646' title='bbox 1399 5099 1542 5164; x_wconf 81' lang='lat' dir='ltr'><em>AEthiopia:</em></span> <span class='ocrx_word' id='word_1_647' title='bbox 1557 5113 1599 5150; x_wconf 88' lang='lat' dir='ltr'><em>aer</em></span> <span class='ocrx_word' id='word_1_648' title='bbox 1609 5099 1674 5150; x_wconf 87' lang='lat' dir='ltr'><em>enim</em></span> <span class='ocrx_word' id='word_1_649' title='bbox 1687 5113 1718 5149; x_wconf 84' lang='lat' dir='ltr'><em>ex</em></span> 
     </span>
    </p>
   </div>
   <div class='ocr_carea' id='block_1_14' title="bbox 947 5214 1717 5351">
    <p class='ocr_par' dir='ltr' id='par_1_16' title="bbox 947 5214 1717 5351">
     <span class='ocr_line' id='line_1_98' title="bbox 947 5214 1717 5280; baseline 0.001 -15"><span class='ocrx_word' id='word_1_650' title='bbox 947 5214 1087 5280; x_wconf 77' lang='lat' dir='ltr'><em>regionibus</em></span> <span class='ocrx_word' id='word_1_651' title='bbox 1099 5227 1200 5266; x_wconf 82' lang='lat' dir='ltr'><em>versum</em></span> <span class='ocrx_word' id='word_1_652' title='bbox 1218 5214 1406 5277; x_wconf 84' lang='lat' dir='ltr'><em>septentrionem</em></span> <span class='ocrx_word' id='word_1_653' title='bbox 1420 5214 1521 5278; x_wconf 85' lang='lat' dir='ltr'><em>positis,</em></span> <span class='ocrx_word' id='word_1_654' title='bbox 1542 5214 1622 5265; x_wconf 84' lang='lat' dir='ltr'><em>ventis</em></span> <span class='ocrx_word' id='word_1_655' title='bbox 1634 5214 1717 5266; x_wconf 73' lang='lat' dir='ltr'><em>dedis</em></span> 
     </span>
     <span class='ocr_line' id='line_1_99' title="bbox 1597 5306 1623 5351; baseline 0.038 -1"><span class='ocrx_word' id='word_1_656' title='bbox 1597 5306 1623 5351; x_wconf 82' lang='lat' dir='ltr'><em>tl</em></span> 
     </span>
    </p>
   </div>
   <div class='ocr_carea' id='block_1_15' title="bbox 0 0 2072 6134">
    <p class='ocr_par' dir='ltr' id='par_1_17' title="bbox 0 0 2072 6134">
     <span class='ocr_line' id='line_1_100' title="bbox 0 0 2072 6134; baseline 0 2"><span class='ocrx_word' id='word_1_657' title='bbox 0 0 2072 6134; x_wconf 95' lang='lat' dir='ltr'><em> </em></span> 
     </span>
    </p>
   </div>
  </div>
 </body>
</html>
