4134 6134
681 835 1156 960 'PRAEFA-TIO.

307 1559 549 1630 Duodecimus
570 1561 645 1652 jam
666 1559 782 1651 agitur
802 1579 931 1644 annus,
952 1579 1067 1650 quum
1086 1556 1141 1624 vir
1158 1555 1375 1628 clarissimus
1395 1564 1433 1629 C.
1455 1565 1579 1630 Busse-

260 1685 425 1754 makerus
440 1683 503 1778 qui
518 1681 629 1776 hujus
650 1678 843 1751 voluminis
860 1679 984 1776 primae
1003 1677 1098 1775 parti
1114 1677 1282 1775 praefatus
1310 1695 1376 1767 est,
1403 1679 1580 1778 fragmen-

261 1818 380 1876 torum
408 1819 590 1901 quotquot
610 1828 630 1874 e
656 1801 851 1900 deperditis
876 1801 1073 1872 Aristotelis
1097 1802 1236 1898 scriptis
1258 1803 1406 1900 reperiri
1434 1821 1580 1902 possent

259 1927 433 1998 editorem
453 1951 528 1998 sese
542 1927 716 2024 promisit.
729 1926 932 2016 Quominus
944 1940 1066 1996 autem
1078 1927 1198 1996 statim
1211 1951 1359 1998 manum
1374 1928 1580 2000 inchoando

259 2050 360 2147 operi
378 2048 600 2138 admoveret,
624 2051 660 2120 in
687 2073 794 2120 causa
816 2048 884 2120 tuit
899 2063 1082 2119 certamen
1104 2049 1302 2120 literarium
1324 2073 1368 2120 eo
1388 2051 1466 2147 ipso
1488 2066 1580 2122 tem·

259 2196 347 2268 pore
361 2170 408 2242 ab
422 2172 550 2242 illustri
559 2171 747 2243 Academia
760 2171 979 2244 Berolinensi
990 2157 1205 2242 institutumi
1221 2174 1359 2242 Etenim
1374 2197 1455 2268 quae
1466 2198 1581 2268 quum

259 2295 396 2389 egregia
407 2295 603 2366 Aristotelis
612 2297 827 2392 scriptorum
843 2294 1000 2366 editione
1012 2309 1139 2392 parata
1152 2295 1288 2394 optime
1309 2294 1354 2366 de
1374 2295 1431 2365 his
1454 2295 1581 2366 studiis

259 2425 458 2508 meruisset,
480 2419 577 2490 illam
596 2445 744 2516 quoque
762 2419 904 2492 laudem
923 2417 991 2490 sibi
1010 2420 1152 2518 praeripi
1175 2420 1306 2509 noluit,
1336 2435 1377 2491 ut
1402 2420 1581 2517 quidquid

259 2539 327 2611 sub
346 2541 554 2640 philosophi
576 2545 723 2613 nomine
749 2567 769 2612 a
799 2543 918 2636 graecis
946 2544 1149 2614 romanisve
1170 2542 1404 2639 scriptoribus
1431 2543 1581 2613 allatum

259 2682 365 2754 esset,
384 2669 418 2736 in
433 2691 547 2736 unum
562 2667 665 2762 quasi
677 2665 1008 2763 corpuscollectum
1021 2665 1216 2762 lucidoque
1229 2667 1356 2738 ordine
1365 2668 1579 2763 dispositum

260 2788 318 2858 edi
329 2803 483 2859 curaret.
505 2795 630 2884 Neque
646 2813 726 2886 spes
742 2813 850 2885 quam
871 2790 921 2859 ita
935 2789 1112 2860 excitabat
1129 2804 1254 2886 optato
1266 2790 1397 2861 ellectu
1410 2789 1580 2861 destituta

260 2925 326 2982 est.
343 2911 408 2981 Vix
427 2925 545 2980 tamen
562 2911 597 2980 in
613 2909 778 3006 publicos
804 2937 890 2982 usus
908 2915 1035 2981 emissa
1053 2911 1264 2982 collectione
1287 2912 1578 2982 Aristoteleorum

262 3040 555 3134 fragmentorum,
599 3037 666 3109 sub
711 3037 781 3110 hoc
820 3039 925 3110 titulo
963 3066 970 3108 :
1006 3041 1212 3109 Aristoteles·
1243 3040 1582 3140 Psemlepigruplnn·

260 3161 370 3232 edidit
390 3161 470 3232 an.
495 3167 591 3254 (lose,
611 3163 748 3260 Lipsiae,
772 3163 873 3252 1863,
895 3187 1004 3259 quam
1022 3178 1167 3233 senatus
1186 3165 1420 3236 berolinensis
1434 3167 1581 3261 praemio

259 3283 402 3378 diguam
421 3283 658 3378 judicaverat,
677 3309 806 3381 quum,
822 3287 967 3357 ineunte
989 3287 1110 3356 statim
1128 3311 1225 3357 anuo
1246 3287 1497 3384 subsequenti,
1518 3313 1581 3358 su-

261 3431 424 3502 premum
447 3405 543 3478 diem
574 3407 677 3498 obiit,
699 3424 912 3506 praematura
939 3423 1055 3480 morte
1074 3408 1259 3506 abreptus,
1280 3413 1335 3480 vir
1358 3410 1582 3482 doctissimus

260 3530 322 3624 qui
355 3527 465 3623 hujus
494 3529 788 3600 Aristoteleorum
817 3555 969 3628 operum
1006 3531 1176 3602 editionis
1205 3530 1430 3602 absolvenda
1457 3556 1580 3602 curam

260 3665 475 3749 susceperat.
498 3655 574 3722 Hoc
592 3676 677 3723 sane
691 3651 822 3724 acerbo
841 3669 878 3724 et
900 3655 1081 3750 insperato
1100 3678 1186 3724 casu
1204 3654 1338 3724 lactum
1365 3669 1433 3739 est,
1454 3669 1494 3726 ut
1512 3655 1579 3726 hu-

260 3776 487 3846 manissimus
500 3775 721 3846 Bibliotheca
728 3802 851 3874 groecae
860 3777 1040 3867 conditor,
1050 3778 1260 3848 Ambrosius
1271 3779 1447 3848 Firminus
1456 3777 1579 3862 oidot,

259 3902 313 3970 vir
336 3925 414 3970 mea
442 3899 549 3971 laude
573 3901 759 3998 superior,
785 3927 894 3997 quem
922 3904 1070 3972 unicum
1096 3927 1291 3996 graecarum
1324 3902 1509 3972 literarum
1545 3903 1580 3972 in

258 4023 373 4096 Gallia
392 4025 641 4120 sospitatorem
655 4049 781 4094 omnes
797 4040 944 4110 norunt,
962 4025 1008 4096 ad
1026 4051 1097 4115 me,
1114 4052 1223 4124 quem
1241 4027 1276 4096 in
1290 4025 1387 4097 idem
1397 4039 1578 4096 certamen

258 4145 304 4216 de
324 4171 398 4242 quo
414 4143 702 4242 supradiximus,
719 4145 936 4217 descendere
948 4171 1091 4234 ausum,
1112 4172 1184 4218 non
1197 4171 1345 4243 prorsus
1362 4147 1580 4244 imparatum

259 4267 440 4356 audiisset,
462 4269 684 4366 provinciam
702 4267 944 4340 Bussernalreri
958 4284 1075 4340 morte
1096 4268 1303 4366 derelictam
1326 4268 1508 4340 detulerit.
1530 4269 1579 4338 td

262 4390 516 4489 perficiendum
536 4417 622 4463 vero
643 4417 787 4484 munus,
809 4393 922 4489 quod,
943 4394 1072 4483 fateor,
1092 4420 1166 4466 non
1186 4395 1319 4466 invitus
1333 4394 1421 4465 mihi
1443 4395 1578 4492 imponi

260 4539 385 4612 passus
403 4539 495 4602 sum,
521 4514 595 4586 duo
610 4531 693 4586 sunt
707 4541 787 4611 quae
798 4515 916 4588 adhuc
926 4516 1109 4589 restabant
1123 4545 1131 4587 :
1146 4520 1430 4613 fragmentorum
1446 4517 1579 4590 sedicet

260 4637 440 4725 collectio,
455 4638 587 4709 deinde
605 4637 709 4710 index
726 4637 1009 4714 absolutissimus
1020 4643 1057 4712 in
1076 4643 1198 4713 omnia
1212 4641 1419 4740 philosophi
1432 4644 1574 4740 scripta.

263 4768 313 4833 lle
329 4761 401 4832 hoc
418 4761 547 4853 indice,
569 4788 651 4833 mox
671 4763 825 4858 edendo,
842 4780 882 4836 ut
901 4789 1018 4862 spero,
1040 4767 1144 4861 cujus
1160 4769 1266 4862 longe
1281 4765 1473 4840 maximam
1494 4789 1578 4862 par·

1402 4904 1423 4946 a
