4134 6134
702 423 849 486 sumunt
870 424 1122 490 COMPENDIUM

432 575 451 612 a
471 553 577 633 (152).

160 705 260 763 (500ῐο
273 700 389 770 illumi
402 719 427 757 (ἃ
446 720 494 773 ¹²,
507 701 525 778 §
536 702 573 768 ld
587 721 595 761 :
607 706 710 778 Itaque
719 709 761 759 ait
772 705 897 762 Λεοντο-

119 811 222 863 rurs,
247 811 330 866 quum
355 789 475 846 sulrlatis
495 795 528 846 in
555 792 653 846 Sicilia
677 798 820 865 tyrannis,
853 814 897 849 res

116 888 234 958 privata
248 882 332 954 longo
345 879 609 952 interuallojurliciis
622 891 827 954 repeterentur,
838 893 895 936 tum
978 907 985 921 ·

114 977 251 1045 primum,
265 969 341 1042 quod
350 978 423 1022 esset
436 979 521 1022 acuta
534 965 589 1024 illa
599 984 670 1043 gens
679 979 710 1022 et
722 980 896 1024 controversa

118 1073 219 1115 namra
233 1057 296 1133 lita
307 1053 395 1116 codd.
407 1051 525 1113 Jacobs.
538 1053 609 1113 satis
619 1051 814 1132 probabiliter
826 1075 894 1114 con·

114 1147 187 1224 jecit
203 1166 210 1202 :
224 1148 413 1200 controversiis
425 1155 496 1199 nata
504 1142 531 1222 l,
547 1156 637 1200 artem
648 1155 677 1200 et
690 1156 836 1218 pracepta
848 1147 895 1200 Si-

116 1239 191 1292 culos
203 1235 338 1292 Coracem
347 1245 377 1288 et
391 1234 496 1290 Tisiam
503 1238 707 1308 conscripsisse.
719 1233 796 1289 ll'crm
808 1247 895 1292 antea

115 1328 254 1380 neminem
268 1323 379 1378 solitum
393 1326 445 1378 via
466 1339 518 1378 nec
531 1334 607 1390 arte,
633 1323 685 1376 sed
698 1335 830 1377 accurate
847 1335 895 1378 ta-

116 1431 179 1466 men
200 1423 231 1466 et
248 1411 285 1466 de
300 1414 404 1483 scripulo
419 1411 571 1485 plerosque
591 1411 700 1484 dicere,
723 1414 896 1486 scriptasque

110 1496 202 1565 fuisse
219 1509 250 1554 et
265 1509 385 1572 paratas
403 1517 424 1552 a
447 1499 604 1572 Protagora
630 1515 722 1552 rerum
745 1499 894 1554 illratrium

115 1587 339 1661 disputationes,
356 1605 421 1661 qum
438 1605 513 1642 nune
535 1605 694 1642 communes
716 1589 898 1661 appellantur

118 1677 171 1730 loci
190 1676 291 1749 :quod
304 1676 378 1730 idem
386 1671 496 1746 secisse
511 1675 654 1749 Gorgiam,
666 1693 751 1748 quum
764 1677 895 1749 singula·

113 1782 175 1818 rum
194 1783 289 1819 rerum
310 1765 409 1820 laum
426 1767 704 1838 vituperationesque
721 1768 895 1836 conscn'psis·

112 1863 171 1921 set,
184 1854 264 1926 quod
270 1851 416 1925 judiearet
424 1851 478 1906 lroe
487 1857 608 1907 oratoris
620 1871 681 1908 esre
693 1855 819 1907 manime
829 1870 895 1926 pro·

108 1947 206 2016 prium
219 1960 279 1997 rem
293 1958 398 2016 augere
404 1958 486 2014 posse
500 1941 644 1996 laudando
656 1941 897 2014 vituperandoque

110 2048 209 2083 rursus
224 2025 377 2106 affligere:
393 2029 460 2082 liuic
475 2027 675 2102 Antiplrontem
693 2027 896 2084 lilianrnusium

107 2119 219 2172 similia
232 2118 363 2193 quendam
373 2117 502 2172 lsabuisse
513 2121 681 2192 conscripta,
690 2135 745 2191 quo
756 2121 896 2172 neminem

109 2225 237 2280 unquam
260 2208 362 2261 melius
382 2207 471 2260 ullum
488 2210 608 2261 oravisse
632 2210 736 2279 capitis
758 2222 890 2274 causam,

107 2314 196 2367 quum
226 2311 258 2354 se
283 2300 343 2369 ipse
367 2290 545 2367 defenderet,
565 2312 597 2348 se
616 2295 751 2348 audiente
774 2295 897 2368 locuples

107 2394 209 2438 auctor
229 2387 343 2458 scripsit
366 2381 544 2452 lltecydides
569 2401 660 2437 :nam
675 2384 790 2456 Lysiam
803 2387 896 2456 primo

104 2463 238 2534 profiteri
256 2464 365 2518 solitum
378 2473 468 2516 artem
482 2480 542 2517 esse
554 2461 684 2532 dicendi,
701 2463 802 2516 deinde
819 2463 897 2535 quod

111 2551 276 2606 Theodorus
298 2562 371 2607 esset
388 2555 418 2605 in
434 2561 497 2604 arte
512 2551 645 2618 subtilior,
668 2557 698 2604 in
726 2551 896 2606 orationibus

105 2642 343 2709 autemjejunior‚
358 2643 496 2692 orationes
503 2639 689 2692 euorscribcre
697 2638 888 2712 aliiscoepisse,

104 2739 196 2782 artem
208 2732 357 2783 removisse
369 2747 380 2781 .-
390 2727 522 2781 similiter
534 2729 688 2781 Isocratem
697 2731 789 2799 primo
801 2738 890 2780 cutem

103 2817 223 2872 dicendi
240 2835 298 2874 esse
309 2821 464 2889 negavisse,
476 2816 594 2869 scribere
602 2828 696 2870 autem
708 2817 774 2869 aliis
783 2818 894 2870 solitruu

103 2911 254 2961 orationes
266 2903 367 2979 quilius
380 2909 410 2958 in
415 2904 533 2973 judiciis
543 2914 687 2957 uterentur
702 2922 712 2956 .·
725 2904 787 2972 sed,
807 2923 893 2978 quum

102 3010 142 3046 esc
156 3013 208 3064 eo,
224 2998 293 3067 quia
305 2995 387 3067 quasi
396 2994 582 3047 committeret
590 3002 687 3045 contra
703 2991 811 3066 legem,
834 3011 888 3066 quo

101 3087 169 3155 quis
184 3082 304 3153 judicio
325 3082 581 3146 circumveniretur,
602 3097 680 3154 saepe
699 3083 758 3154 ipre
776 3085 805 3133 in
816 3081 895 3151 judi·

102 3174 178 3224 cium
198 3181 363 3238 vocaretur,
384 3172 525 3223 orationes
536 3168 605 3222 aliis
625 3168 759 3224 destitisse
777 3169 896 3224 scribere

43 3258 48 3266 '
101 3270 254 3332 totumque
275 3275 306 3312 se
327 3257 370 3310 ad
387 3267 463 3310 artes
483 3256 690 3330 componendas
708 3260 892 3317 transtulisse.

101 3347 139 3400 Et
160 3347 286 3402 Graecioe
298 3345 411 3419 quidem
424 3354 564 3398 oratorum
577 3355 678 3418 partus
700 3355 784 3418 atque
794 3341 895 3415 fontes

102 3437 191 3493 vr'cles.

143 3520 192 3581 Cl.
205 3519 334 3590 Quintil.
356 3517 426 3578 lust.
441 3530 515 3578 orat.
533 3516 588 3593 lll,
609 3537 635 3593 1,
649 3519 667 3576 8
681 3537 761 3597 sqq„
786 3517 892 3576 Cicero

102 3612 188 3669 Orat.
205 3631 234 3670 c.
253 3629 287 3666 ευ
309 3621 338 3666 et
351 3608 401 3678 52,
417 3605 470 3664 ubi
486 3605 720 3684 Theophrastum
746 3607 891 3683 sequitur.

439 3748 456 3803 δ
478 3747 568 3826 (153).

143 3882 299 3958 Diogenes
311 3879 406 3938 Lucre
419 3877 474 3951 Ill,
494 3887 548 3946 τοῖς
560 3898 567 3934 :
577 3877 710 3954 Θεόδωροι
720 3877 747 3934 δὲ
756 3879 892 3955 γεγόνασιν

293 4078 337 4128 Ν.
355 4077 475 4127 enituit
492 4075 713 4125 contremunt.

489 4194 513 4240 ³.

130 4281 252 4332 Fuerunt
275 4281 355 4328 auten
370 4277 492 4329 Theodori
512 4276 597 4341 viginti
598 4311 645 4328 .....
663 4288 742 4326 nonus
764 4275 893 4339 liprandus

96 4374 124 4422 in
137 4368 220 4420 rebius
232 4365 344 4417 siminus
354 4366 434 4416 derne
446 4385 454 4417 ε
467 4365 577 4417 decimus
588 4364 709 4426 similiter,
720 4362 792 4425 culus
801 4363 891 4414 Aristo·

95 4462 162 4512 tetes
173 4459 202 4509 in
222 4456 467 4520 intemeratorum
483 4455 627 4505 mentiones
641 4452 707 4503 tamt.

491 4549 515 4593 5.

128 4639 217 4688 tiemo
233 4635 316 4682 autem
335 4630 446 4682 meldad
460 4632 572 4694 ignorare
588 4631 670 4693 putet,
681 4627 720 4678 rel
735 4625 801 4690 quod
810 4626 893 4688 Aphn-

96 4741 175 4789 reus,
194 4722 324 4788 privignus
334 4725 360 4773 et
376 4735 421 4786 per
430 4720 583 4783 adoptionem
595 4718 657 4768 lilius
666 4717 792 4776 Ιιοοεεῑὶε,
804 4715 830 4765 in
838 4728 893 4765 ora-

95 4817 168 4868 tione
187 4811 452 4864 mansueriscam
470 4806 627 4872 heraclidem
646 4804 781 4866 contendit,
801 4803 894 4854 nidum

95 4903 279 4969 argumentum
295 4901 390 4950 turmae
406 4911 421 4948 a
438 4899 506 4961 petre
521 4895 637 4959 scriptum
647 4907 723 4945 εοεαε
742 4903 821 4955 neque
835 4890 894 4941 itud

93 4996 191 5056 etiam,
211 4987 281 5054 quod
301 4986 428 5038 semicolon
443 4984 577 5051 permultos
590 4981 738 5045 iudicialium
757 4978 893 5030 umbonum

96 5080 221 5133 iuuentis
243 5074 391 5129 cirmmlerri
409 5073 468 5125 dicit
487 5085 502 5123 ε
518 5070 653 5136 bibliopolis
673 5069 820 5121 motem.
843 5067 893 5118 itti

93 5170 164 5220 enim
178 5168 243 5218 hac
255 5165 287 5216 ab
304 5163 351 5216 iltis
366 5163 425 5214 viris
438 5162 486 5213 dlcl
498 5160 562 5226 reio,
581 5163 663 5212 mmm
675 5171 755 5223 neque
771 5156 892 5208 Aristoteli

92 5258 190 5320 credo,
208 5255 255 5320 qui
264 5255 321 5307 huic
331 5254 395 5306 nitro
405 5249 528 5305 sordidam
538 5248 658 5302 merdam
670 5247 813 5313 adspergere
824 5246 889 5306 vult,

1667 439 1724 502 l2'l

951 557 1069 622 εἴκοσι...
1085 561 1174 628 luero<
1188 563 1339 635 Βυζάντιος,
1354 561 1500 644 ἀαδλάγυν
1511 565 1667 628 πολιτικῶν·
1679 571 1728 630 it·
1772 587 1778 598 ·

951 667 1029 713 mro<
1044 645 1148 724 ὁμοίως,
1162 638 1192 707 οὗ
1205 647 1421 729 Ἀριστοτέλη
1432 677 1446 719 ς
1457 651 1614 730 μνημονεύει
1626 655 1669 714 hl
1684 660 1730 730 τῆς

950 733 1099 812 Ἐπιτομῆς
1115 737 1166 794 τῶν
1183 735 1309 817 ρητόρων.

1273 897 1291 958 ι
1315 887 1406 968 (154)-

991 1047 1190 1119 Quintilianus
1199 1049 1271 1110 lnst.
1285 1053 1338 1128 Ill,
1356 1075 1382 1130 1,
1397 1055 1414 1130 S
1432 1056 1465 1112 13
1484 1076 1491 1112 ε
1508 1061 1562 1114 His
1579 1079 1731 1118 successere

950 1141 1101 1210 multi‚sed
1108 1142 1280 1196 chrissimus
1288 1143 1400 1216 Gorgioe
1407 1145 1563 1201 auditorum
1574 1149 1712 1204 Isocrates
1718 1170 1729 1219 ,·

949 1247 1110 1304 quanquam
1123 1231 1159 1286 de
1169 1244 1345 1306 preceptore
1363 1234 1426 1302 ejus
1443 1239 1516 1289 inter
1530 1247 1655 1292 auctores
1676 1257 1730 1294 non

948 1323 1079 1372 conuenit
1095 1338 1105 1372 .·
1118 1338 1168 1374 reos
1180 1331 1272 1374 autem
1283 1321 1460 1376 Aarsrorau
1477 1323 1623 1379 crccliruus.

1275 1469 1293 1527 s
1316 1469 1407 1550 μετ).

990 1615 1151 1696 Dionysius
1179 1617 1272 1679 llalic.
1294 1619 1337 1677 lle
1358 1619 1485 1698 antiquis
1505 1622 1588 1684 ithet.
1616 1646 1645 1705 p.
1673 1629 1730 1703 576

951 1705 1055 1767 Reislte
1076 1727 1082 1763 :
1099 1705 1200 1778 Μηδεὶς
1218 1707 1242 1764 δ’
1260 1710 1362 1784 ἀγνοεῖν
1376 1709 1499 1790 ὑπολάδῃ
1514 1711 1577 1789 μηδ’
1590 1713 1629 1772 δτι
1649 1713 1731 1798 Ἀφα-

951 1792 1034 1874 ριῦςδ
1051 1793 1174 1874 πρόγονός
1185 1817 1214 1854 τε
1223 1794 1268 1855 καὶ
1283 1795 1430 1871 είστοίητος
1442 1797 1587 1881 Ἰσοκράτει
1597 1802 1731 1882 γενόμενος

951 1886 978 1943 ἐν
992 1887 1032 1964 τῷ
1046 1885 1110 1964 πρὸς
1124 1885 1308 1962 Μεγακλείδην
1332 1886 1392 1967 περὶ
1414 1891 1462 1962 τῆς
1483 1887 1649 1960 ’desidiosae
1662 1893 1732 1976 λόγῳ

950 1973 1090 2055 διορίζεται
1119 1974 1251 2053 μηδεμίαν
1265 1974 1316 2033 ὑπὸ
1329 1979 1375 2036 τοῦ
1394 1974 1494 2057 πατρὸς
1507 1977 1628 2040 indicus
1643 1984 1678 2048 είς
1694 1987 1732 2041 δι·

951 2061 1096 2142 καυτήριον
1112 2063 1268 2144 γεγράφθαι,
1291 2064 1354 2138 μηδ’
1378 2063 1419 2123 δτι
1440 2063 1538 2142 δέσμας
1552 2067 1622 2126 πάνυ
1633 2071 1732 2136 πολλὰς

952 2151 1093 2210 δικανικῶν
1099 2149 1184 2230 λόγων
1200 2152 1383 2230 Ἰσοκρατείων
1394 2153 1578 2235 περιφέρεσθαί
1588 2179 1667 2235 φησιν
1682 2161 1733 2220 ὑπὸ

950 2241 1003 2298 τῶν
1018 2239 1203 2319 βιὸλιοιτευλῶν
1229 2240 1481 2318 Ἀριστοτέλης·
1509 2243 1656 2320 ίπίσταμαι
1681 2245 1732 2327 γδρ

948 2333 1034 2387 ταῦτα
1056 2329 1108 2390 ὑπὸ
1134 2333 1186 2388 τῶν
1208 2330 1309 2411 ἀνδρῶν
1324 2328 1429 2388 ἀκτίνων
1450 2330 1579 2408 λεγόμενα
1604 2333 1650 2391 καὶ
1677 2333 1731 2394 οὔτ’

948 2419 1122 2498 Ἀριστοτέλει
1133 2419 1257 2496 πείθομαι
1266 2417 1400 2499 ῥυπαίνειν
1413 2419 1457 2478 τὸν
1470 2419 1553 2500 ἀνδρα
1564 2425 1728 2506 βουλομένῳ,

948 2504 1003 2565 οὔτ’
1015 2507 1125 2588 Ἀφαρεῖ
1136 2506 1228 2567 τούτου
1244 2510 1269 2588 γ’
1292 2507 1369 2566 ἕνεκα
1383 2506 1460 2586 λόγον
1483 2509 1600 2590 εὐπρεπῆ
1617 2511 1731 2574 πλαττο-

949 2594 1020 2678 μένῳ
1046 2595 1208 2673 συντίθεμαι.
1228 2593 1331 2654 Ἱκανὸν
1351 2592 1379 2653 dl
1403 2595 1570 2672 ἡγησάμενος
1595 2587 1661 2657 εἶναι
1685 2605 1732 2673 τῆς

949 2682 1073 2754 ἀληθείας
1098 2683 1246 2762 βεὸαιωτὴν
1261 2683 1305 2743 riv
1327 2681 1461 2754 Ἀθηναῖοι
1481 2684 1687 2764 Κηφισόδωρον,
1704 2682 1731 2750 ἀς

949 2772 995 2829 καί
1007 2770 1163 2830 συνεδίωσεν
1179 2771 1337 2850 Ἰσοκράτει,
1353 2769 1398 2829 καὶ
1412 2770 1591 2847 γνησιώτατος
1604 2771 1732 2844 ἀκουστὴς

949 2857 1053 2938 ίγίνετο
1063 2861 1108 2918 καί
1120 2859 1168 2932 τὴν
1182 2858 1325 2936 ἀπολογίαν
1332 2857 1380 2930 clu
1390 2857 1459 2918 πάνυ
1471 2859 1626 2936 θαυμαστὴν
1638 2864 1663 2919 ἐν
1674 2868 1733 2927 ταῖς

949 2946 1014 3025 πρὸς
1038 2945 1219 3025 Ἀριστοτέλην
1242 2946 1421 3026 ἀντιγραφαῖς,
1436 2946 1594 3020 ἐποιήσατο,
1615 2948 1731 3008 πιστεύω

948 3035 1095 3116 γεγράφθαι
1106 3035 1198 3114 λόγους
1210 3037 1280 3102 τινὰς
1292 3035 1342 3094 ὑπὸ
1353 3041 1398 3094 τοῦ
1412 3033 1504 3113 ἀνδρὸς
1515 3036 1551 3102 είς
1565 3036 1731 3116 δικαστήρια,

949 3124 1212 3200 οὗμέντοιπολλοιίς.

991 3214 1035 3272 De
1048 3213 1241 3292 Cephisodoti
1257 3213 1336 3272 libro
1358 3211 1395 3270 cl.
1408 3211 1526 3285 liliiller,
1541 3211 1656 3288 Fragm.
1678 3213 1728 3270 lli-

949 3315 1021 3362 stor.
1034 3314 1057 3361 t.
1074 3301 1115 3374 ll,
1128 3322 1158 3380 p.
1170 3302 1218 3363 85.
1237 3301 1282 3360 hd
1296 3301 1444 3376 dialogum
1465 3298 1601 3377 Gryllum
1621 3299 1731 3358 inscri-

949 3405 1031 3470 ptum
1053 3391 1108 3448 hoc
1133 3404 1162 3448 et
1182 3390 1350 3469 praecedens
1371 3391 1562 3465 fragmentum
1579 3409 1637 3448 non
1657 3391 1731 3450 nrale

949 3480 1071 3538 fortasse
1098 3480 1246 3557 pertinere
1270 3477 1430 3538 arbitratus
1455 3492 1499 3536 est
1521 3479 1668 3556 Bernays,
1686 3483 1732 3538 (lie

948 3575 1023 3629 viat
1034 3573 1085 3628 des
1098 3574 1183 3626 Arist.
1194 3590 1225 3646 p.
1245 3569 1312 3640 157.

1279 3729 1297 3786 6
1315 3727 1404 3808 (157).

990 3879 1088 3936 Aaou.
1102 3889 1203 3934 auctor
1212 3875 1330 3951 Proleg.
1344 3877 1375 3932 in
1384 3872 1451 3931 Vita
1461 3873 1580 3932 lsocrat.
1592 3875 1623 3929 in
1631 3871 1728 3930 Schol.

949 4058 1029 4108 neque
1042 4047 1167 4107 propterea
1180 4043 1262 4092 umen
1273 4039 1383 4104 Aphareo
1397 4039 1522 4090 honesum
1533 4038 1667 4087 orationem
1684 4037 1729 4086 tin·

949 4133 1014 4198 genti
1026 4130 1163 4181 assmhor:
1184 4127 1227 4180 sed
1243 4127 1357 4180 donnum
1371 4127 1478 4178 veritatis
1490 4125 1674 4191 approbatorem
1689 4139 1729 4174 ra·

947 4223 988 4271 tus
1006 4216 1198 4282 cephisodorus]
1211 4215 1397 4275 Atheniensem,
1408 4215 1450 4277 qni
1465 4215 1490 4264 et
1508 4211 1655 4263 familiariter
1675 4224 1730 4262 crim

947 4308 1054 4357 Isocrate
1065 4305 1138 4369 vixit,
1152 4307 1177 4356 et
1196 4304 1290 4354 auditor
1303 4302 1355 4366 ejus
1371 4301 1476 4352 maxime
1486 4313 1614 4364 germanus
1632 4299 1691 4362 luit,
1706 4303 1731 4350 et

947 4393 1102 4460 praeceptoris
1110 4393 1226 4443 adversus
1235 4389 1370 4442 Aristotelis
1381 4388 1559 4440 criminationes
1568 4387 1729 4439 detonsionem

947 4483 1013 4534 illem
1033 4486 1135 4546 pmrsus
1155 4479 1319 4531 admirabilem
1341 4478 1449 4542 scripsit;
1472 4477 1545 4527 credo
1563 4477 1642 4527 sirum
1664 4477 1729 4528 lrunc

947 4569 1074 4632 sumpsisse
1087 4567 1215 4619 nonnullas
1230 4567 1363 4628 orationes,
1376 4577 1432 4628 qum
1445 4565 1468 4614 ln
1478 4563 1574 4627 indiciis
1583 4547 1728 4627 dicerentur,

947 4672 996 4708 noa
1009 4657 1098 4708 multas
1111 4659 1200 4707 tamur.

979 4977 1098 5026 isocrates
1118 4971 1206 5023 dicitur
1227 4973 1252 5020 et
1277 4973 1353 5020 artem
1377 4968 1520 5020 rhetoricam
1543 4967 1727 5032 muscripsisse,

946 5079 1002 5118 eam
1019 5075 1078 5114 uero
1095 5063 1203 5124 tempore
1221 5059 1327 5123 periisse.
1342 5058 1440 5115 Quaeret
1456 5056 1542 5119 aliquis
1556 5055 1619 5106 unde
1630 5068 1682 5105 rem
1701 5067 1727 5106 se

947 5155 984 5206 eie
1003 5151 1093 5203 bebere
1110 5149 1298 5202 demonstretur.
1311 5147 1419 5198 Dicimus
1434 5145 1586 5198 Aristotelem
1597 5145 1638 5210 qui
1661 5145 1726 5194 artes

947 5240 1079 5294 rhetorices
1089 5237 1191 5292 contulit
1207 5239 1233 5290 et
1247 5236 1319 5301 huius
1330 5235 1476 5288 mentionem
1492 5233 1585 5286 lesisse
