4134 6134
325 451 385 509 lbl

319 595 413 638 autem
433 580 558 636 omnibus
570 584 632 635 viro
645 597 751 656 parere
774 581 912 650 interulat,
932 599 984 637 nee
1003 601 1096 656 quem·

318 690 404 746 quant
419 670 537 723 civilium
546 669 671 735 audiens,
687 686 738 722 nee
747 669 855 742 aliquid
865 672 953 724 etiam
965 671 1003 724 de
1015 689 1091 744 nup-

319 767 363 816 tiis
373 777 482 816 suorum
494 759 593 814 uolens
602 775 755 831 peragere,
765 757 819 812 sed
828 775 912 831 quum
930 770 1039 833 tempus
1048 757 1097 829 as-

318 845 404 908 suerit
419 847 500 920 filios
513 845 627 918 filiasve
639 841 725 915 foras
747 845 859 899 tradere
878 856 929 900 out
948 849 1092 920 recipere,

319 948 386 991 tunc
407 945 500 989 autem
519 933 619 988 audiet
636 935 746 1006 quidem
761 937 854 988 uirum
875 937 906 988 in
925 935 1054 988 omnibus
1066 947 1096 990 et

317 1042 409 1078 secum
429 1023 563 1078 deliberet
575 1035 605 1076 et
617 1023 729 1078 obediat
740 1027 828 1078 ctiam
845 1028 875 1077 in
890 1041 925 1078 eo
942 1025 1020 1097 qssod
1035 1028 1096 1097 ipse

314 1115 440 1187 precepit
456 1111 596 1167 arbitrans
608 1115 647 1164 sic
668 1115 745 1166 visus
765 1106 866 1189 (viso)
879 1124 960 1186 turpe
971 1129 1032 1166 esse
1043 1129 1095 1166 eo-

317 1217 445 1274 rumque
462 1204 535 1254 intus
550 1210 614 1253 sunt
629 1200 738 1272 aliquid
751 1217 846 1272 agere,
858 1203 930 1254 sicut
938 1201 1048 1254 mulieri
1059 1219 1095 1254 ea

316 1308 369 1364 qne
387 1285 464 1359 soris
490 1299 555 1341 sunt
572 1291 745 1362 perquirere.
769 1288 829 1344 Sed
857 1287 989 1342 arbitrari
1014 1289 1096 1342 decet

317 1395 385 1432 uere
406 1380 585 1451 compositam
613 1377 755 1430 mulierem
777 1393 869 1431 mores
885 1379 1023 1430 ninivite
1046 1393 1095 1431 sue

318 1467 394 1538 leges
413 1469 527 1540 imponi,
553 1465 606 1518 sibi
627 1465 699 1518 adeo
722 1483 784 1518 eum
808 1467 913 1537 nuptiis
930 1473 959 1518 et
970 1459 1095 1533 sortunn

317 1557 485 1625 coujunctos,
501 1551 685 1626 quosquidem
702 1555 729 1604 si
735 1555 879 1626 patienter
885 1546 969 1622 serat
985 1547 1091 1628 (facile,

318 1652 398 1714 reget
410 1637 557 1715 domum),
569 1643 595 1693 si
605 1650 698 1694 autem
713 1657 769 1694 non
777 1636 910 1715 difficile.

356 1731 477 1803 Propter
493 1745 545 1802 quc
570 1727 649 1781 decet
672 1746 728 1782 non
746 1729 836 1783 solum
857 1746 941 1802 quum
961 1731 1095 1800 contingit

316 1821 408 1872 uirum
420 1817 582 1891 opulmtum
591 1833 650 1870 csse
663 1815 747 1871 rebus
765 1826 794 1870 et
812 1815 873 1869 alin
880 1817 975 1887 gloria
987 1826 1015 1869 et
1026 1833 1093 1889 pru·

268 1967 278 1986 ο
317 1908 413 1960 dentia
427 1905 513 1959 simul
527 1905 684 1976 intelligere
702 1923 737 1959 ac
753 1921 834 1958 suam
848 1905 1023 1960 uoluntatem
1035 1921 1094 1964 sess

318 1997 381 2059 vire,
402 2010 499 2047 uerum
513 1997 598 2046 etiam
609 1997 638 2046 in
653 1992 871 2062 adversitatibus,
886 1997 939 2047 etsi
953 1987 1093 2063 desectum

312 2084 439 2154 patietur
451 2099 553 2146 rerum,
572 2091 622 2134 attt
643 2082 685 2134 ad
701 2081 884 2152 egritudinem
903 2083 1026 2154 corporis
1045 2090 1096 2134 aut

317 2171 506 2238 ignorantiam
519 2172 614 2222 anime
625 2168 702 2222 dieat
723 2169 836 2242 quidem
847 2187 958 2242 semper
975 2172 1092 2241 optima.

318 2255 483 2329 obsequitur
508 2268 602 2311 autem
629 2257 758 2310 decentia
783 2265 892 2329 proeter
920 2257 997 2328 quod
1023 2267 1094 2330 agat

316 2344 427 2417 aliquid
433 2355 514 2419 turpe
527 2355 577 2398 aut
587 2344 731 2418 indignum
746 2361 754 2398 ι
767 2342 820 2397 sibi
829 2355 922 2398 autem
937 2346 991 2418 ipsi
1002 2363 1094 2401 secor-

315 2435 396 2486 detur
408 2434 500 2506 siquid
511 2437 558 2487 uir
575 2435 669 2496 anime
683 2435 817 2506 passione
833 2432 877 2486 ad
896 2437 986 2506 ipsam
1002 2433 1095 2488 delin-

318 2532 386 2594 quat
405 2538 415 2574 .·
432 2539 485 2576 nec
503 2522 541 2575 de
553 2522 649 2594 aliquo
665 2531 850 2594 conqueratur
874 2524 955 2594 quasi
972 2521 1021 2576 ille
1043 2521 1096 2578 isos

312 2613 459 2684 peregerit,
476 2610 526 2663 scd
535 2609 587 2662 lscc
605 2612 700 2662 omnia
712 2608 876 2679 egritudinis
891 2618 920 2662 et
937 2612 1095 2680 ignorantie

312 2712 420 2769 ponere
441 2709 470 2750 et
493 2697 676 2750 accidentium
695 2696 868 2752 delictorum.
885 2697 999 2768 Quanto
1020 2704 1094 2755 enim

316 2787 376 2856 quis
399 2786 428 2836 in
442 2782 485 2837 ltis
505 2785 667 2858 diligentius
679 2783 855 2858 obsequatur,
870 2794 949 2840 tanto
961 2790 1094 2842 maiorem

315 2874 440 2941 gratiam
454 2867 568 2926 babebit
588 2875 636 2945 qui
654 2882 765 2925 curatus
781 2871 873 2925 estitit
891 2889 954 2925 eum
970 2872 1008 2927 ab
1021 2877 1095 2947 egri·

318 2961 416 3014 tudine
422 2957 515 3029 fuerit
535 2951 678 3018 liberatus.
691 2960 727 3014 Et
742 2964 768 3014 si
787 2961 892 3034 quidsi
903 2978 958 3015 non
969 2967 1096 3034 paruerit

317 3048 422 3101 iubenti
443 3066 538 3102 corum
552 3052 600 3122 qui
613 3066 670 3103 non
695 3048 763 3102 bene
778 3047 883 3102 babent
896 3049 994 3104 mulier
1007 3048 1053 3124 (et
1071 3051 1095 3108 si

317 3132 390 3209 quid
410 3134 438 3191 ei
463 3132 575 3191 iubenti
591 3153 649 3192 non
670 3132 746 3191 bene
765 3130 940 3191 habeueissm
964 3153 1023 3192 non
1043 3155 1095 3214 pa·

318 3219 411 3276 ruerit
420 3219 527 3276 mulier
536 3221 559 3295 ),
580 3223 667 3277 multo
681 3225 772 3296 nsagis
785 3227 884 3277 sentiet
903 3223 953 3278 ille
965 3237 1092 3294 sanatus,

314 3318 431 3380 prepter
449 3309 525 3380 quod
541 3326 610 3382 opus
627 3307 785 3380 luq'usmodi
798 3313 905 3376 timere,
926 3313 955 3363 in
970 3311 1035 3366 aliis
1047 3331 1094 3367 au·

319 3404 373 3447 tem
396 3395 483 3449 multo
502 3395 662 3468 diligentius
674 3396 786 3468 obsequi
798 3402 920 3470 quamsi
939 3410 1034 3472 empta
1047 3418 1096 3454 ve·

319 3484 402 3534 nisset
413 3482 454 3536 ad
466 3482 592 3550 domum,
614 3501 681 3536 nam
694 3487 812 3538 maximi
829 3487 918 3558 precii
931 3495 1027 3559 esnpta
1041 3498 1093 3541 est.

318 3566 462 3624 Societatis
476 3585 598 3642 namque
609 3573 667 3624 uite
681 3581 709 3623 et
725 3571 816 3643 prolis
832 3575 1019 3641 generationis
1035 3578 1096 3646 qui·

319 3655 369 3708 bus
378 3655 452 3708 nibil
461 3659 551 3709 maius
564 3673 614 3710 nec
626 3661 746 3711 sanctius
757 3655 803 3724 fit.
820 3655 919 3710 Adime
932 3661 1043 3732 insuper
1057 3664 1097 3714 si·-

318 3745 428 3816 quidem
446 3762 508 3798 cum
519 3739 605 3814 felici
620 3747 683 3798 uiro
696 3748 811 3798 visisset
824 3763 878 3799 non
896 3763 1003 3820 quoque
1018 3751 1095 3803 sinsi-

319 3833 383 3886 liter
383 3826 489 3900 suisset
513 3827 676 3902 manifesta.
700 3831 736 3884 Et
755 3833 865 3905 quiricus
881 3850 937 3887 non
958 3835 1094 3893 modicum

316 3923 401 3972 estin
423 3923 609 3994 prosperitate
620 3922 662 3972 uti
674 3919 743 3974 bene
761 3932 790 3974 ct
805 3938 861 3974 non
873 3919 1022 3990 lumiliter,
1044 3944 1094 3980 ssc-

317 4025 378 4060 runs
388 4019 483 4061 tamen
492 4008 689 4062 adversitatem
698 4004 821 4078 sufferre
830 4009 899 4065 bene
908 4011 994 4065 malm
1004 4018 1095 4086 magis

317 4099 413 4151 merito
423 4095 599 4152 lsonoraturn.
614 4099 690 4153 Nam
704 4101 733 4151 in
743 4093 883 4152 doloribus
896 4111 925 4153 et
943 4101 1051 4172 injuriis
1066 4116 1094 4158 et

317 4184 538 4240 tribulationibus
561 4191 724 4243 existentem
756 4188 800 4241 nil
819 4199 900 4264 tsupe
923 4195 1094 4248 committere

319 4278 416 4348 magni
428 4278 517 4328 animi
525 4286 577 4333 cst.
588 4275 678 4330 Orare
690 4277 801 4349 quidem
815 4281 899 4348 igitur
910 4277 990 4332 dccet
1000 4281 1029 4331 in
1041 4279 1094 4333 asl-

319 4365 445 4415 versitatc
459 4358 699 4437 (adversitatem)
712 4367 804 4418 uirum
823 4383 878 4418 non
890 4369 1057 4438 pervenire,
1070 4371 1095 4420 si

318 4457 412 4500 autem
436 4450 506 4520 quid
524 4454 627 4504 sinistri
648 4454 793 4522 contigerit
811 4452 944 4507 arbitrari
965 4453 1019 4507 sibi
1041 4453 1094 4508 lsoc

319 4539 473 4591 maximam
490 4538 601 4594 laudem
613 4557 673 4595 csse
685 4539 799 4595 honeste
817 4542 949 4610 mulieris,
964 4547 1093 4618 cogitan-

320 4633 374 4676 tem
388 4625 464 4696 quod
471 4642 521 4678 ncc
533 4629 670 4682 Alcestem
687 4625 830 4706 (Alceste)
843 4617 952 4685 tantam
965 4631 1018 4686 sibi
1030 4634 1093 4707 gio·

317 4714 390 4765 riam
413 4716 594 4785 qnoesivisset,
621 4735 672 4770 nec
707 4717 847 4792 Penelope
874 4729 914 4773 tot
939 4730 967 4774 et
997 4731 1093 4775 tantas

320 4799 419 4854 laudes
431 4805 573 4858 meruisset
589 4807 615 4857 si
626 4809 762 4859 vixissent
774 4823 836 4860 cnm
851 4803 986 4877 felicibus
997 4811 1091 4868 viris:

318 4904 369 4940 nec
383 4906 453 4943 uero
471 4894 563 4944 amitti
575 4903 603 4946 ct
616 4892 709 4948 Ulixis
720 4893 874 4949 adversitas
887 4893 980 4968 (nunc
994 4907 1090 4954 autem

319 4973 443 5049 sumiti,
459 4974 481 5034 i.
491 4994 518 5036 c.
530 4975 645 5036 Admeti
661 4991 690 5037 et
704 4976 800 5039 Ulixis
813 4981 1016 5063 adversitates)
1026 5004 1091 5060 pre·

315 5079 485 5140 paraverunt
495 5072 535 5122 eis
548 5073 709 5124 memoriam
720 5072 915 5143 immortalem,
921 5068 1005 5142 facte
1018 5079 1091 5128 enim

317 5159 346 5207 in
360 5155 442 5209 malis
450 5155 548 5220 fideles
560 5167 588 5210 et
599 5158 677 5228 juste
699 5160 768 5211 uisis
780 5157 915 5215 honorate
928 5178 979 5215 nee
992 5165 1021 5215 in
1034 5179 1090 5216 me·

316 5251 368 5298 rito
377 5241 534 5318 (immerito
544 5241 554 5322 J
566 5256 631 5301 sunt
643 5263 663 5300 a
683 5247 751 5316 diis,
774 5253 968 5322 prosperitatis
980 5251 1090 5324 quidem

866 449 1111 510 AlilS'ffl'l'ELlS
1133 449 1378 511 FRAGMENTA.

1150 587 1223 638 enim
1243 579 1337 654 facile
1357 586 1562 659 participantes
1589 585 1723 648 invenire,
1753 583 1937 642 adversitatis

1151 684 1245 726 autem
1259 671 1356 725 nolunt
1367 672 1570 724 communicare
1581 685 1638 722 nors
1647 674 1748 743 optimc
1762 671 1932 740 mulierum

1148 772 1330 834 propterque
1351 762 1447 814 omnia
1464 759 1545 814 decet
1565 757 1653 814 multo
1678 762 1769 833 magis
1788 759 1936 816 bonorm

1149 853 1226 904 viros
1241 853 1306 904 etin
1317 847 1486 904 uerecundia
1497 841 1553 902 non
1564 845 1686 916 labere,
1698 849 1750 902 etsi
1763 864 1821 901 nors
1835 867 1936 905 conse·

1149 948 1272 1010 quantur
1285 937 1434 990 secundum
1453 934 1593 1009 Orpheum
1613 937 1713 989 mentis
1723 937 1834 990 sanitas
1846 951 1936 988 sacra

1148 1037 1176 1079 es
1192 1027 1284 1080 disitie
1301 1028 1484 1079 animositatis
1491 1023 1574 1097 filius
1588 1019 1629 1100 (si
1641 1039 1724 1079 sacra
1740 1019 1937 1100 pudiciciam

1151 1129 1221 1188 opes
1253 1109 1447 1170 animositatis
1481 1109 1560 1168 lilius
1585 1108 1745 1167 seeundum
1771 1108 1935 1169 Herculem

1150 1218 1209 1258 non
1221 1211 1381 1277 sequantur
1390 1197 1409 1278 J.
1427 1201 1574 1256 Mulierem
1587 1201 1696 1273 quidem
1710 1205 1795 1274 igitur
1809 1205 1840 1254 irs
1858 1219 1936 1276 quo-

1148 1291 1215 1344 dam
1239 1293 1290 1344 tali
1313 1301 1380 1364 typo
1400 1291 1493 1365 legum
1517 1301 1546 1343 et
1569 1307 1676 1343 morum
1691 1300 1799 1364 oportet
1818 1307 1852 1344 se
1864 1309 1934 1345 cus·

1149 1379 1246 1432 todire.

1189 1466 1242 1519 Vir
1262 1477 1356 1520 autem
1377 1465 1452 1540 leges
1471 1483 1491 1518 a
1512 1465 1645 1520 similibus
1664 1466 1826 1519 adinveniat
1848 1473 1935 1521 utari

1149 1550 1286 1631 (uxoris)
1304 1557 1333 1607 in
1348 1571 1407 1620 usu,
1428 1557 1559 1626 quoniam
1581 1565 1716 1628 tanquam
1729 1558 1806 1608 socia
1825 1557 1888 1609 vite
1904 1567 1935 1609 et

1143 1641 1273 1715 filiorum
1281 1645 1351 1696 sicut
1361 1641 1399 1696 ab
1403 1645 1588 1698 estcmeitate
1592 1643 1755 1716 deprecator
1763 1642 1805 1695 ad
1814 1642 1933 1697 donsmn

1148 1733 1206 1784 uiri
1216 1733 1342 1785 convenit
1359 1726 1518 1807 (quoniam
1533 1741 1682 1803 tamquam
1696 1726 1776 1785 socia
1796 1725 1932 1786 filios-um

1149 1825 1178 1874 et
1192 1815 1252 1876 vite
1264 1813 1301 1873 ml
1312 1815 1432 1875 domum
1443 1815 1503 1874 visi
1521 1813 1665 1891 devenit),
1680 1819 1840 1891 relinquens
1849 1819 1934 1891 filias

1147 1909 1302 1982 genitorum
1327 1910 1384 1960 uiri
1405 1917 1433 1961 et
1454 1909 1498 1960 sui
1518 1912 1633 1966 nomina
1655 1905 1810 1972 babituros,
1830 1907 1932 1980 quibus

1148 1991 1218 2066 quid
1223 1994 1443 2066 sanctiusfieret‚
1459 2006 1509 2048 aut
1523 1997 1598 2048 circa
1610 1995 1679 2066 quid
1690 1996 1782 2068 magis
1794 1997 1843 2046 asir
1861 2011 1932 2048 sane

1148 2083 1249 2134 mentis
1266 2077 1386 2135 studebit
1404 2097 1489 2153 quam
1504 2097 1542 2134 ea·
1554 2083 1660 2154 optime
1682 2091 1711 2134 et
1724 2083 1931 2154 preciosissima

1148 2169 1262 2222 muliere
1271 2169 1352 2242 filios
1359 2185 1522 2244 procreare.
1535 2169 1689 2223 Senectutis
1697 2179 1831 2242 pastores
1851 2177 1932 2243 quasi

1147 2261 1264 2330 optunos
1272 2266 1301 2310 et
1306 2256 1537 2330 prudentissimos
1542 2259 1633 2329 patris
1645 2266 1673 2310 es
1691 2259 1791 2310 matris
1802 2259 1932 2334 custodes

1148 2354 1177 2398 et
1198 2347 1280 2399 totius
1303 2345 1401 2400 domus
1419 2356 1642 2412 conservatorem
1664 2347 1799 2418 quoniam
1818 2346 1932 2401 educati

1147 2433 1258 2507 quidem
1274 2444 1347 2488 recte
1366 2451 1386 2488 a
1392 2443 1479 2507 patm
1497 2443 1525 2488 ct
1545 2443 1636 2487 matre
1645 2444 1744 2487 sancte
1755 2445 1786 2486 et
1801 2437 1873 2488 iuste
1891 2439 1931 2490 eis

1148 2521 1285 2576 utentibus
1301 2525 1382 2595 qunsi
1397 2526 1494 2577 merito
1509 2521 1573 2576 boni
1583 2522 1661 2595 fient
1675 2539 1686 2576 .·
1698 2521 1753 2576 lsoe
1763 2533 1861 2576 autem
1875 2543 1931 2578 non

1148 2611 1301 2665 obtinentes
1303 2615 1455 2685 patientur
1463 2606 1614 2682 desectum.
1627 2611 1691 2665 Vite
1707 2615 1782 2664 enim
1794 2615 1931 2686 exemplu

1143 2699 1216 2772 filiis
1234 2701 1287 2754 nisi
1298 2702 1511 2774 preparaven'nt
1530 2701 1669 2770 genitores
1681 2699 1876 2754 excusabilem
1902 2715 1931 2754 et

1143 2807 1248 2862 puram
1257 2805 1372 2843 causam
1383 2789 1424 2844 ad
1436 2791 1549 2841 invicem
1564 2785 1806 2862 baberepoterunt
1814 2807 1825 2840 .·
1846 2793 1933 2842 tioser

1148 2893 1184 2929 nc
1194 2879 1342 2949 contempti
1350 2893 1369 2928 a
1375 2875 1449 2948 filiis
1457 2893 1540 2949 qtnsrn
1551 2893 1606 2930 non
1620 2875 1692 2930 bene
1702 2877 1876 2930 viserentad
1886 2881 1933 2929 in-

1149 2966 1259 3018 teritum
1283 2968 1322 3020 cis
1344 2975 1432 3023 erunt.
1456 2965 1576 3038 Propter
1594 2979 1649 3036 que
1670 2967 1741 3017 enim
1762 2961 1835 3016 niisil
1856 2981 1933 3038 opus

1148 3055 1273 3108 omittere
1286 3063 1429 3106 curantem
1441 3052 1484 3106 ad
1492 3051 1647 3106 doctrinam
1662 3054 1755 3105 soceris
1765 3054 1889 3126 seipsum
1900 3067 1932 3106 ut

1149 3143 1230 3194 iuxta
1238 3159 1320 3214 posse
1339 3145 1421 3214 qnasi
1442 3159 1480 3196 cx
1500 3143 1610 3214 optimis
1629 3140 1729 3194 liberos
1747 3141 1848 3194 ualeat
1862 3139 1930 3214 (sa-

1149 3222 1245 3305 leant)
1261 3245 1420 3304 procreare.
1444 3227 1552 3282 Etenim
1575 3227 1703 3300 agricola
1729 3225 1806 3280 nilsil
1829 3232 1929 3282 onsittis

1148 3315 1283 3370 studendo
1302 3327 1331 3369 ut
1351 3315 1536 3390 adoptimum
1552 3327 1655 3369 temam
1671 3327 1701 3368 et
1716 3317 1842 3368 manime
1858 3316 1928 3370 bene

1148 3403 1252 3458 cultam
1277 3421 1371 3458 semen
1395 3421 1557 3460 consumere
1571 3399 1754 3480 (dispenset)
1775 3415 1928 3478 expectans

1148 3493 1189 3544 sic
1196 3490 1250 3546 sibi
1254 3486 1382 3560 setectum
1395 3495 1528 3566 optimum
1532 3492 1613 3566 fieri.
1631 3491 1666 3546 Et
1679 3493 1763 3565 eligit
1772 3510 1829 3565 pm
1847 3511 1883 3547 ca
1897 3509 1927 3546 ut

1148 3597 1204 3634 nors
1221 3592 1328 3634 secetur
1333 3582 1491 3656 pugnando
1511 3599 1573 3634 cnm
1591 3579 1713 3634 hostibus
1731 3591 1761 3633 et
1779 3585 1823 3634 sic
1843 3587 1926 3635 eonti-

1148 3673 1220 3742 gerit
1240 3671 1311 3723 mori
1327 3680 1355 3723 ct
1374 3668 1532 3723 isuinssssodi
1545 3685 1618 3722 snos-s
1628 3671 1756 3721 nsauinse
1766 3668 1923 3728 bossonstnr.

1152 3753 1210 3814 (lbi
1216 3768 1309 3810 autem
1323 3767 1404 3811 tanto
1412 3761 1449 3813 sit
1460 3775 1583 3833 cumpro
1593 3760 1716 3832 eorporis
1725 3762 1893 3812 nutrimentu
1900 3774 1926 3813 ct

1150 3845 1236 3898 nsttlto
1247 3847 1339 3920 magis
1343 3863 1400 3920 pro
1402 3845 1481 3920 filiis
1490 3857 1519 3900 et
1532 3856 1621 3899 matre
1634 3857 1662 3900 et
1674 3849 1786 3900 nutrice
1796 3847 1840 3900 nd
1845 3865 1925 3920 qutun

1149 3936 1245 3986 estisne
1254 3950 1349 3988 semen
1359 3937 1530 3988 consumitur
1545 3950 1627 3987 omne
1638 3933 1763 3988 studium
1771 3929 1926 4004 estfacs'en»

1147 4022 1224 4088 dusrs,
1238 4019 1290 4075 isos
1300 4025 1375 4078 enim
1385 4023 1445 4077 solo
1459 4023 1577 4078 mortale
1590 4039 1672 4076 omne
1687 4039 1802 4096 semper
1812 4018 1924 4092 sactum

1148 4108 1528 4184 imrssortalitateparticipat,
1540 4123 1567 4164 et
1578 4126 1674 4164 omnes
1683 4113 1830 4164 orationes
1840 4123 1870 4165 et
1877 4129 1925 4184 pe·

1147 4201 1260 4252 titiones
1278 4197 1370 4252 divine
1385 4210 1555 4272 permanent
1564 4209 1762 4273 paternorum.
1783 4198 1869 4255 Unde
1881 4207 1931 4273 qui.

1148 4281 1200 4338 lsoc
1223 4288 1392 4359 contempnit
1411 4285 1478 4340 deos
1499 4285 1611 4339 videtur
1630 4285 1798 4360 negligere,·
1813 4299 1925 4360 propter

1146 4373 1213 4428 deos
1235 4375 1330 4447 itaque
1349 4391 1443 4428 coram
1467 4371 1565 4448 quibus
1592 4391 1676 4427 suern
1702 4377 1840 4428 mactavit
1861 4375 1873 4448 (
1883 4371 1922 4448 et}

1147 4479 1262 4516 acorem
1286 4463 1369 4518 duait
1387 4473 1416 4518 ct
1440 4463 1526 4518 multo
1548 4465 1688 4534 mugisse
1707 4473 1775 4536 post
1791 4475 1924 4538 parentes

1147 4553 1230 4602 acori
1249 4549 1368 4605 tradidit
1380 4550 1422 4604 ad
1442 4548 1585 4609 bonorem.
1610 4549 1761 4604 Maximus
1777 4561 1874 4606 autern
1886 4562 1923 4604 est

1146 4636 1234 4692 lsonor
1257 4635 1371 4693 lsoueste
1387 4639 1496 4692 nntlicri
1524 4641 1551 4692 si
1572 4641 1682 4712 respicit
1702 4641 1797 4693 virum
1820 4649 1921 4692 msam

1146 4743 1205 4780 esse
1220 4730 1250 4780 in
1268 4744 1332 4782 eam
1345 4738 1374 4781 et
1393 4727 1430 4780 de
1446 4727 1528 4780 nulla
1545 4726 1607 4780 alia
1628 4727 1744 4780 muliere
1756 4738 1917 4780 curantem:

1145 4814 1196 4868 sed
1210 4831 1264 4888 pre
1278 4816 1376 4868 ceteris
1389 4815 1454 4868 aliis
1458 4816 1607 4888 propriam
1626 4825 1653 4868 et
1671 4817 1794 4866 anticam
1806 4825 1835 4868 et
1848 4813 1921 4886 ftis·

1147 4903 1201 4957 lem
1207 4912 1288 4976 putet
1296 4919 1355 4956 esse
1361 4919 1373 4970 ,·
1384 4913 1463 4956 tanto
1474 4919 1543 4956 vero
1555 4904 1648 4975 magis
1663 4900 1783 4956 studebit
1792 4915 1825 4954 se
1837 4901 1920 4954 talen

1145 5007 1204 5046 esse
1217 4993 1292 5044 cirea
1310 5007 1373 5045 cstm
1388 5007 1460 5044 uxor
1470 4993 1495 5042 si
1505 4990 1659 5064 cognoverit
1667 4986 1801 5060 fideliter
1811 4999 1839 5041 et
1855 4991 1922 5040 inste

1145 5077 1298 5134 amabilem
1317 5082 1411 5135 uirum
1425 5095 1495 5150 erga
1515 5095 1546 5131 sc
1564 5093 1624 5131 esse
1644 5088 1678 5130 nt
1693 5079 1757 5150 ipsa
1775 5087 1819 5130 est
1837 5094 1848 5128 .·
1874 5093 1923 5130 nec

1142 5177 1291 5241 parentum
1314 5170 1364 5242 qui
1376 5171 1420 5221 sui
1441 5164 1559 5220 isonores
1580 5175 1644 5218 sunt
1663 5182 1716 5218 nec
1732 5161 1784 5237 'qui
1797 5167 1884 5218 uxori
1896 5175 1923 5218 es

1145 5253 1266 5320 filiorum
1285 5257 1396 5329 pmprii
1415 5265 1445 5309 et
1468 5253 1599 5308 decentes
1621 5262 1649 5306 et
1674 5249 1799 5306 tribssens
1817 5251 1924 5326 singuli
