4134 6134
328 457 388 518 lid

878 453 1122 519 ARISWPELlS
1143 453 1391 516 FRAGMENTA.

326 585 558 668 ριστικολέλσγχοι
571 583 660 645 καὶτὸ
677 585 738 664 περὶ
754 587 915 657 Ποιητικῆς,
930 598 960 644 et
978 585 1098 663 quidem
1155 587 1218 646 Nic.
1240 583 1297 657 lv,
1327 594 1361 652 rt.
1380 605 1436 662 pro
1456 583 1585 662 eoquod
1601 584 1680 664 apud
1702 587 1801 648 Anon.
1826 587 1942 663 legitur

326 678 368 734 ita
391 688 424 733 ut
449 675 562 734 erroris
586 673 695 733 iontem
719 673 843 733 eundem
867 693 932 735 esse
957 693 1101 751 agnoscas
1154 675 1202 744 τῆς
1215 671 1381 750 καλουμένης
1394 671 1557 752 ἐμφάσεως).

326 781 414 840 quem
431 759 494 840 jam
519 759 598 838 apud
616 760 843 838 Abulfaragium
867 762 1045 822 notavimus.
1066 760 1100 819 ln

1195 761 1213 837 §
1229 759 1245 816 5
1260 782 1267 816 :
1281 757 1317 823 ‘0
1331 759 1460 820 σκῶπτων
1476 759 1594 841 ἐλέγχειν
1606 759 1675 822 θέλει
1695 761 1889 842 ἀμαρτνίματα
1901 765 1943 834 τῆς

325 852 369 910 iis
383 871 450 928 quae
463 849 572 909 habent
590 850 763 909 Ammonius
781 851 814 909 in
836 852 926 912 Arist
953 849 991 909 de
1006 853 1100 908 Inter·
1155 851 1242 929 ψυχῆς
1250 847 1295 908 καί
1310 853 1355 908 τοῦ
1368 847 1498 925 σώματος.
1845 938 1862 954 ,ι

328 952 403 1017 pret.
420 958 452 1018 p.
473 957 532 1016 99,
549 939 594 1011 A,
612 959 646 997 ra
661 950 691 996 et
705 938 844 999 Boethius
858 937 901 998 ib.
923 959 956 1017 p.
973 958 1044 1014 apo,
1063 937 1100 996 ad
1196 937 1244 1014 §6
1260 955 1267 997 ι
1283 936 1442 1018 Συμμιτρία
1455 942 1501 995 τοῦ
1512 936 1594 1017 ρόόου
1608 935 1677 998 θέλει
1691 927 1759 996 εἶναι
1771 941 1798 998 ἐν
1811 960 1875 1005 ταις
1889 961 1945 1018 τρα-

327 1025 454 1084 Ροοείσεο
467 1045 493 1088 c.
510 1045 549 1083 ao
563 1025 742 1104 spectantia,
756 1025 831 1086 illud
846 1026 1035 1086 memorabile
1046 1037 1101 1098 est,

324 1126 480 1192 unumque
493 1113 602 1192 plurali
616 1132 739 1173 numero
752 1113 780 1172 ἀν
793 1115 861 1182 τοῖς
874 1113 935 1193 περὶ
951 1115 1101 1186 Ποιητικῆς

324 1215 353 1260 et
380 1208 410 1258 in
439 1205 515 1259 libris
542 1222 612 1278 quos
637 1205 674 1258 de
694 1215 758 1260 arte
776 1210 890 1280 poetica
918 1207 1101 1280 conscripsit,

328 1290 457 1362 dixisse,
474 1289 552 1348 unde
570 1290 690 1349 sortasse
704 1289 847 1369 conjicias
867 1310 919 1351 eos
936 1292 1103 1369 antiquiore

326 1378 452 1455 quodam
467 1377 677 1437 commentario
691 1397 761 1437 usos
774 1398 848 1439 esse.
863 1378 1018 1455 Singulari.
1029 1401 1100 1438 con-

324 1481 371 1526 tra
384 1486 506 1526 numero
520 1466 707 1525 Aristotelem
721 1467 748 1525 ἐν
767 1469 806 1548 τῷ
820 1466 881 1547 περὶ
897 1469 1063 1541 Herennia,
1083 1489 1100 1527 e

324 1556 419 1633 capite
432 1567 552 1632 quarto,
564 1552 664 1612 laudat
674 1553 808 1613 llermias
822 1554 858 1613 sd
871 1554 1003 1615 Platonis
1018 1557 1104 1614 Phae·

324 1642 427 1720 drnm,
443 1662 475 1720 p.
491 1662 544 1699 ιιι
561 1641 623 1700 Ast.

364 1728 420 1787 Sed
440 1720 545 1788 missis¹
556 1727 619 1806 jam
641 1732 722 1790 hisoe
746 1730 830 1805 locis,
858 1729 967 1808 quibus
990 1731 1105 1792 etiamsi

326 1816 552 1875 demonstratum
566 1831 641 1878 esset
662 1838 713 1878 eos
733 1818 769 1876 ad
792 1818 971 1897 deperditam
993 1833 1105 1898 partem

326 1905 493 1963 Aristotelei
511 1903 583 1963 libri
596 1908 756 1984 pertinere,
768 1925 827 1964 non
840 1907 962 1967 multum
976 1908 1105 1984 juvare-

326 2013 401 2066 mur,
411 1994 448 2052 de
462 1992 521 2051 alio
536 1993 763 2069 fragmentorum
777 2013 883 2070 genere
891 1996 1064 2070 videndum,
1079 2010 1107 2054 et

325 2081 443 2158 quidem
451 2082 1104 2164 primumdeiisqnaeinAnonymiExcerpto,

325 2187 341 2225 c
357 2168 458 2228 codice
470 2167 652 2228 Coisliniano
669 2190 755 2229 raoa
775 2170 922 2243 Cramero,
933 2171 1041 2231 Anecd.
1053 2173 1104 2231 Pa-

326 2256 380 2316 ria.
396 2268 418 2317 t.
438 2255 464 2328 l,
476 2276 508 2334 p.
527 2258 583 2324 403
595 2259 710 2334 prolata
722 2259 774 2336 (cl.
793 2259 905 2334 Fragm.
917 2279 994 2320 com.
1010 2259 1106 2324 Graec.

325 2343 373 2404 ed.
387 2343 512 2404 Meinelr.
524 2356 547 2403 t.
561 2343 602 2416 ll,
620 2365 650 2422 p.
669 2346 756 2422 ταδί,
769 2346 887 2406 Scholia
896 2349 929 2406 in
951 2349 1103 2429 Aristoph.

325 2431 372 2490 ed.
388 2431 519 2492 Diihner.
530 2444 559 2489 et
572 2433 815 2512 Aristophanen
838 2437 961 2513 llerghio
978 2439 1104 2519 editus),

326 2518 416 2576 latere
435 2519 598 2598 suspicatus
612 2534 657 2581 est
673 2521 851 2601 Bernaysius
869 2525 1059 2606 [Erganerng
1072 2551 1107 2587 en

325 2610 489 2662 Aristoteles
500 2609 614 2680 ῬοαείΙι,
628 2610 731 2667 ΙέΙιιιία.
753 2615 881 2670 Murcum
897 2617 935 2674 N.
951 2617 1059 2690 Folge,
1082 2631 1104 2675 t.

324 2688 406 2764 Vlll,
422 2712 454 2770 p.
471 2693 525 2752 ὅδε
543 2695 608 2772 ss),
624 2695 709 2774 cujus
726 2701 898 2761 sententiam
913 2714 1019 2777 prater
1032 2705 1107 2764 alios

326 2779 467 2856 probavit
478 2801 596 2860 quoque
605 2785 657 2861 qui
668 2786 828 2846 novissime
841 2787 933 2848 edidit
942 2791 1107 2852 Aristotelis

325 2866 434 2927 librum
449 2867 486 2928 de
499 2870 617 2931 Poetica
627 2869 675 2934 Fr.
690 2872 836 2936 Susemihl
853 2876 1025 2958 (Aristoteles
1039 2885 1109 2939 iiber

324 2957 372 3010 dte
393 2958 570 3031 Dichtkunst,
579 2979 626 3034 gr.
637 2964 698 3018 und
706 2965 735 3023 d.
748 2962 872 3042 Leipzig
890 2966 989 3044 1865).
1003 2967 1107 3028 Conti-

325 3044 471 3102 nenturin
479 3043 536 3104 hoc
542 3045 699 3129 Excerpto,
708 3065 776 3130 post
782 3051 901 3112 brevem
913 3055 1107 3136 totiuspoesis

325 3131 499 3192 divisionem
514 3135 547 3193 in
567 3155 686 3212 genera,
709 3159 803 3218 pauca
823 3143 954 3221 qnaedam
970 3137 1107 3223 'samque

325 3221 423 3298 inepta
431 3222 467 3280 de
478 3224 632 3300 tragoedia,
647 3227 800 3308 multoque
809 3231 895 3309 plura
901 3231 939 3292 de
950 3233 1105 3307 comoedia,

325 3327 450 3383 qnorum
460 3324 571 3389 partem
582 3332 619 3371 ex
637 3316 791 3378 Aristotele
801 3320 921 3381 fluxisse
936 3335 1019 3401 putat
1039 3324 1108 3383 Ber-

326 3396 455 3472 mysius.
467 3397 509 3455 Ea
525 3419 596 3460 vero
612 3403 674 3462 haec
684 3421 762 3480 sunt,
778 3427 815 3468 eo
834 3411 940 3470 ordine
953 3432 1013 3491 quo
1027 3416 1106 3494 apud

330 3485 517 3564 Anonymum
528 3487 683 3566 leguntur:

669 3651 759 3732 (165.)
813 3689 816 3694 ·

365 3813 383 3889 §
401 3832 412 3869 1
428 3830 437 3872 τ
452 3814 623 3894 Συμμετρίαν
638 3816 707 3878 δίλει
716 3819 785 3901 ίχειν
798 3828 845 3882 τοῦ
858 3825 938 3906 ρόόω
959 3830 987 3905 (h
1000 3854 1106 3913 τραγῳ-

326 3898 370 3957 δία
382 3899 459 3979 scil.)
474 3903 564 3981 capiti
577 3914 612 3974 xl.
622 3905 749 3968 Poeticae
759 3914 897 3990 apposuit
906 3913 1064 3982 Susemihl.

365 3988 383 4064 §
398 4008 414 4044 a
430 3995 437 4050 τ’
450 3989 557 4051 Γίνεται
572 3992 601 4052 δέ
612 3999 627 4053 δ
638 3995 720 4073 γέλως
729 3998 837 4074 ἀπδτῆς
846 4001 941 4073 λέξεως
951 4006 1022 4067 κατὰ
1032 4012 1105 4089 δμω-

324 4075 432 4152 νυμίαν,
449 4080 625 4158 συνωνυμίαν,
635 4085 809 4167 ἀδολεσχίαν,
825 4095 1016 4173 παρωνυμίαν,
1031 4099 1105 4182 παρὰ

325 4161 466 4242 πρόσθεσιν
493 4167 540 4227 καλ
562 4170 709 4252 ἀφαίρεσιν,
733 4177 915 4259 ὑποκόρισμα,
929 4181 1105 4268 ἐξεναλλαγιίν

325 4252 427 4332 (φωνῇ.
442 4263 495 4323 τοῖς
508 4258 673 4341 ὁνοιυίυ),
688 4265 783 4343 ’κόνι
797 4265 900 4337 λέξω·

364 4342 489 4418 §3:‘0
507 4345 538 4403 ἐκ
551 4349 604 4406 τῶν
618 4350 782 4428 πραγμάτων
797 4353 880 4432 γέλως
896 4359 927 4418 ἐκ
944 4364 991 4434 τῆς
1013 4363 1106 4441 ὁμοιώ-

325 4449 400 4500 σεως,
410 4430 509 4506 τμήσει
525 4431 576 4512 (ita
589 4435 677 4498 Bern.
693 4459 749 4518 pro
762 4442 869 4524 χρήσει)
884 4445 948 4529 πρδς
962 4450 993 4508 εδ
1005 4459 1094 4536 χεῖρον

325 4516 390 4595 πρὸς
399 4517 430 4576 rh
445 4518 550 4597 βέλτιον
564 4559 616 4601 -,
630 4529 661 4588 ἐκ
673 4533 721 4602 τῆς
732 4531 846 4608 ἀπάτης,
862 4537 892 4595 ἐκ
905 4543 951 4597 τοῦ
963 4541 1092 4605 ἀδυνάτου

326 4607 357 4663 ἐκ
373 4610 420 4664 τοῦ
431 4609 542 4670 δυνατοῦ
559 4612 605 4673 καὶ
619 4618 804 4694 α’νακολοιίδου,
825 4623 856 4682 ἐκ
870 4631 916 4686 τοῦ
930 4627 1004 4709 παρά
1019 4591 1104 4710 προσἶ

324 4690 425 4766 δοκίαν,
438 4697 471 4754 ἐκ
478 4701 524 4757 τοῦ
537 4705 653 4779 χρῆσθαι
671 4713 785 4790 ρορτικῇ
795 4711 915 4792 ὀρχήσει,
927 4714 990 4775 όταν
1004 4741 1044 4787 τις
1052 4725 1105 4781 τῶν

324 4777 443 4848 ἐξουσίαν
458 4785 571 4864 ἐχόντων
581 4792 676 4873 παρείς
688 4796 723 4855 ed
737 4798 850 4878 μίγιστα
863 4803 1018 4883 ραυλότητα
1032 4811 1103 4888 λαμ·

325 4866 409 4949 όαίνῃ,
421 4872 485 4933 όταν
496 4875 698 4958 ἀσυνόρτητοςδ
714 4885 791 4966 λόγος
804 4887 821 4960 ἣ
834 4889 879 4949 καί
892 4893 1024 4971 μηδεμίαν
1039 4900 1105 4962 ἀκο-

323 4959 430 5019 λουθίαν
444 4961 507 5042 ἐχῃ.

365 5049 383 5124 §
400 5056 415 5115 A
432 5067 440 5110 :
455 5049 611 5134 Διαρίρειὴ
633 5063 761 5141 κωμῳδία
775 5067 824 5138 τῆς
844 5069 990 5151 λοιδορίας·
1005 5073 1063 5134 ἐπεὶ
1088 5080 1104 5149 ἡ

326 5133 374 5209 μέν
388 5138 505 5218 λοιδορία
519 5143 753 5224 ἀπαρακαλύπτως
762 5151 795 5212 τά
809 5157 942 5239 προσόντα
955 5161 1029 5222 rard
1041 5163 1105 5234 διέξ·

327 5245 402 5306 τισιν,
413 5227 470 5300 ἡδὲ
485 5230 568 5290 δεῖται
583 5237 630 5308 τῆς
643 5239 765 5309 ὑπονοίας
778 5243 788 5323 ί
799 5244 840 5303 ita
853 5246 938 5311 Bern.
957 5253 1024 5311 coll.
1040 5253 1104 5312 Eth.

1156 1022 1271 1106 γιρδίαις,
1286 1023 1332 1084 καί
1342 1029 1388 1084 τοῦ
1399 1024 1501 1104 γελοίου
1511 1027 1537 1084 ἐν
1557 1033 1616 1092 ταῖς
1626 1025 1789 1106 κωμῳδίαις.

1199 1113 1242 1189 §7
1257 1109 1348 1186 ιἬθη
1362 1115 1502 1192 κωμῳδίας
1511 1113 1545 1173 τό
1556 1138 1585 1174 τε
1598 1115 1752 1195 βωμολόχα,
1762 1113 1851 1174 scaled
1871 1117 1946 1195 είρω·

1157 1199 1217 1258 νικά
1234 1200 1279 1259 καὶ
1295 1199 1329 1260 τίς
1348 1203 1400 1260 τῶν
1421 1201 1566 1270 ἀλαζόνων.

1198 1287 1311 1364 Κωμική
1324 1288 1379 1348 ἐστι
1390 1287 1457 1357 λέξις
1472 1291 1545 1360 κοινὴ
1559 1288 1605 1348 καί
1620 1289 1754 1366 δημώδης.

1201 1379 1248 1434 Δεῖ
1262 1373 1306 1433 τδν
1324 1375 1514 1456 κωμῳδοποιδν
1526 1375 1574 1448 τὴν
1597 1375 1710 1456 πάτριον
1722 1381 1802 1438 αὑτοῦ
1819 1379 1946 1456 γλῶσσαν

1160 1465 1214 1528 τοῖς
1230 1462 1332 1539 (ἄλλοις
1346 1463 1412 1524 add.
1428 1464 1581 1545 Bernays.)
1596 1465 1747 1546 reponderare
1768 1466 1943 1545 περιτιθέναι,

1161 1547 1209 1621 τὴν
1224 1549 1252 1608 δέ
1267 1549 1406 1632 ἐπιχώριον
1423 1554 1495 1632 αὐτῷ
1506 1557 1546 1632 τῷ,
1554 1553 1619 1634 ξένῳ
1635 1554 1723 1634 [αὐτῷ
1737 1553 1832 1634 ἐκείνῳ
1847 1555 1943 1614 Anon.

1160 1657 1217 1697 em.
1231 1637 1317 1698 ilem.
1328 1639 1372 1698 Ci.
1383 1639 1505 1715 Vahlen,
1523 1643 1624 1698 Κλαίας.
1636 1644 1713 1702 Mus.
1728 1642 1817 1715 ¹867,
1835 1661 1867 1720 p.
1890 1645 1943 1709 148

1162 1745 1176 1784 s
1198 1767 1204 1782 ·
1223 1771 1230 1788 .

1177 1726 1288 1882 qliiiloe
1296 1817 1344 1885 τῆς
1353 1818 1480 1892 μουσικῆς
1489 1817 1559 1874 ἐστιν
1567 1815 1644 1891 ίδιυν,
1656 1815 1713 1876 ὅθεν
1726 1819 1774 1876 ἀπ’
1787 1817 1892 1889 ἐκείνης
1901 1819 1943 1886 τίς

1161 1903 1308 1970 αὐτοτελεῖς
1332 1904 1452 1984 ἀφορμὰς
1469 1905 1550 1985 δεήσῃ
1574 1905 1735 1986 λαμόοίνιιν.
1750 1907 1819 1968 lime
1841 1909 1943 1968 ultima

1160 1989 1314 2049 Susemihl.
1332 1991 1457 2052 inseruit
1470 2013 1534 2070 cap.
1548 1996 1566 2052 6
1580 1995 1707 2056 Poeticae
1719 1998 1751 2056 in
1762 1997 1853 2074 line§
1870 2000 1917 2058 ιδ.
2026 2067 2027 2070 ς

1200 2076 1262 2137 Etsi
1273 2079 1394 2139 minime
1405 2100 1511 2158 negare
1530 2084 1618 2142 velim
1633 2085 1665 2144 in
1687 2085 1735 2144 his
1750 2087 1839 2164 plura
1853 2087 1944 2146 inesse

1161 2183 1227 2242 quae
1249 2178 1315 2244 apte
1339 2166 1494 2228 dictasint
1520 2189 1615 2250 neque
1630 2172 1790 2232 Aristotele
1810 2173 1941 2251 indigna,

1161 2265 1258 2311 tamen
1272 2253 1345 2314 illud
1360 2257 1461 2316 mirari
1476 2257 1572 2331 liceat,
1589 2275 1792 2340 excerptorem
1810 2264 1865 2340 qui
1881 2277 1943 2321 ante

1160 2341 1263 2399 oculos
1284 2341 1429 2420 integrum
1444 2344 1609 2406 Aristotelis
1630 2347 1667 2406 de
1692 2350 1810 2409 Portica
1836 2350 1940 2410 librum

1161 2427 1306 2504 habuerit,
1322 2451 1383 2490 non
1395 2446 1424 2490 et
1437 2435 1575 2494 meliores
1585 2435 1650 2494 sive
1663 2437 1813 2513 tragoediae
1827 2439 1942 2499 sivero

1162 2517 1276 2576 moediae
1286 2519 1481 2596 definitiones,
1490 2543 1576 2601 quam
1586 2542 1651 2601 quae
1660 2524 1738 2602 apud
1746 2523 1831 2583 illum
1844 2526 1942 2602 legun-

1161 2617 1222 2678 tur,
1239 2609 1447 2686 exscripsisse,
1461 2631 1585 2689 quarum
1604 2611 1695 2672 altera
1709 2613 1833 2672 minime
1842 2615 1888 2674 illi
1898 2635 1942 2674 rc-

1161 2695 1296 2772 spondet,
1306 2717 1371 2774 quae
1381 2699 1459 2778 apud
1468 2700 1564 2779 ipsum
1576 2701 1763 2761 Aristotelem
1775 2701 1860 2762 Poet.
1876 2727 1904 2764 o.
1915 2707 1942 2781 6,

1164 2803 1177 2839 1
1194 2782 1312 2860 legitur,
1328 2785 1419 2846 altera
1430 2807 1500 2847 vero
1517 2789 1534 2866 §
1550 2810 1588 2847 a:
1608 2789 1748 2870 Kopapdie
1763 2792 1818 2850 ἐστὶ
1831 2791 1944 2872 μίμησις

1161 2868 1282 2949 πράξεως
1305 2873 1406 2950 γελοίου
1422 2873 1467 2934 καί
1493 2877 1605 2956 ἀμοίρου
1622 2877 1748 2956 μεγέθους
1773 2882 1942 2962 (συμμέτρων

1162 2979 1222 3036 μιγ.
1239 2959 1320 3036 conj.
1336 2960 1436 3042 Bern.)
1448 2963 1546 3024 τελείου
1561 2964 1643 3046 χωρίς
1655 2965 1764 3028 ἐκαίστω
1777 2971 1827 3028 τῦν
1843 2971 1942 3050 μορίων

1161 3046 1188 3104 ἐν
1199 3045 1254 3116 τοῖς
1267 3045 1348 3108 είδεσι
1361 3050 1487 3132 δρῶντας,
1511 3051 1557 3112 καί
1569 3055 1604 3112 δι’
1618 3055 1791 3136 ἀπαγγελίας,
1800 3057 1833 3116 δι’
1851 3060 1942 3132 ἡδονῆς

1161 3132 1206 3192 καί
1227 3135 1340 3213 γέλωτος
1357 3139 1518 3220 περαίνουσα
1535 3140 1584 3213 vhe
1601 3145 1653 3202 τῶν
1676 3145 1803 3206 τοισότων
1817 3149 1940 3226 παδημί·

1160 3247 1213 3284 των
1233 3224 1376 3306 κιίδαρσιν·
1397 3227 1454 3308 ἔχει
1469 3229 1496 3288 δέ
1510 3233 1614 3312 μητέρα
1634 3233 1679 3292 τδν
1698 3235 1816 3313 γέλωτα,
1839 3239 1939 3298 ridicu·

1160 3312 1218 3370 lam
1229 3315 1369 3393 'prolecto
1385 3319 1509 3396 etplane
1525 3320 1667 3380 insulsam
1687 3324 1871 3387 delinitionis
1885 3341 1937 3386 tra-

1160 3401 1275 3476 goedia,
1287 3404 1384 3481 qualis
1395 3404 1433 3464 ab
1446 3407 1601 3468 Aristotele
1612 3409 1679 3470 data
1686 3425 1739 3485 est,
1751 3413 1936 3476 imitationem

1160 3491 1300 3550 continet.

1200 3577 1297 3647 Quum
1318 3584 1406 3660 paulo
1421 3603 1512 3663 supra
1525 3588 1670 3665 exipsius
1685 3589 1853 3652 Aristotelis
1871 3597 1936 3653 scri-

1088 3707 1091 3714 .
1159 3666 1219 3743 ptis
1228 3669 1366 3730 eoslocos
1376 3673 1589 3750 colligeremus,
1599 3677 1650 3754 qui
1659 3675 1769 3738 librum
1781 3679 1819 3739 de
1828 3680 1937 3742 Poetica

1155 3754 1260 3853 'qualis
1274 3756 1392 3834 quidem
1414 3758 1504 3819 hodie
1524 3775 1629 3838 exstat,
1645 3765 1792 3844 integrum
1811 3790 1871 3830 non
1882 3791 1936 3831 esse

1161 3861 1247 3920 posse
1268 3843 1483 3922 demonstrant,
1503 3853 1637 3923 consulto
1657 3856 1740 3916 illum
1756 3862 1935 3934 praetermisi·

1160 3950 1235 4010 mus,
1248 3953 1308 4010 qno
1322 3954 1471 4016 praecrpue
1486 3939 1529 3998 usi
1541 3955 1620 4014 sunt,
1635 3946 1687 4022 qui
1699 3944 1801 4006 dehac
1814 3969 1847 4008 re
1857 3950 1935 4008 rerba

1160 4017 1299 4082 lecerunt.
1313 4020 1387 4081 Sunt
1401 4037 1495 4083 autem
1509 4029 1664 4090 notissima
1674 4033 1727 4092 illa
1736 4035 1827 4094 verba
1840 4037 1871 4096 in
1886 4040 1934 4098 line

1158 4106 1350 4169 Politicorum
1365 4109 1450 4187 Vlll,
1478 4136 1505 4176 c·
1534 4139 1562 4191 72
1588 4126 1605 4186 ἰι
1625 4144 1634 4180 ε
1653 4120 1691 4182 Τί
1709 4121 1736 4182 δέ
1760 4122 1872 4204 λέγομεν
1892 4125 1933 4198 rh

1154 4187 1295 4282 :adlapoog
1307 4200 1352 4254 νῦν
1368 4197 1416 4276 μέν
1429 4201 1529 4278 ἁπλῶς,
1545 4204 1624 4264 πόλιν
1639 4207 1662 4272 δ’
1674 4211 1702 4269 ἐν
1715 4217 1771 4278 τοῖς
1788 4211 1849 4292 περὶ
1864 4237 1933 4284 ποια·

1158 4289 1233 4357 τικῆς
1245 4288 1354 4364 ἐροῦμεν
1370 4289 1540 4372 σαφέστερον.
1556 4293 1590 4353 ln
1608 4295 1745 4358 hisvero
1762 4301 1837 4360 illud
1847 4305 1934 4381 primo

1159 4372 1319 4434 notandum
1331 4389 1385 4451 est,
1397 4377 1618 4460 philosophum,
1634 4404 1724 4464 quum
1737 4389 1848 4468 ἐροῦμεν
1856 4391 1933 4464 dicat,

1158 4461 1242 4521 dere
1263 4465 1393 4525 nondum
1413 4481 1476 4528 acta
1494 4469 1588 4549 loqui,
1605 4472 1753 4555 hujusque
1778 4477 1871 4556 igitur
1884 4480 1934 4540 loci

1158 4551 1302 4612 rationem
1318 4555 1405 4632 plane
1420 4557 1507 4616 aliam
1522 4575 1683 4640 esseatque
1693 4584 1796 4624 eorum
1812 4587 1885 4646 quos
1895 4589 1935 4628 su·

1158 4659 1212 4718 pra
1238 4641 1407 4717 attulimus,
1432 4645 1463 4704 in
1483 4647 1591 4726 quibus
1614 4649 1686 4710 libri
1708 4653 1747 4712 de
1769 4654 1887 4715 Poetica
1907 4671 1934 4714 ut

1154 4725 1216 4805 jam
1233 4728 1362 4792 absoluti
1373 4735 1483 4794 mentio
1495 4735 1538 4812 fit,
1550 4738 1591 4796 ita
1601 4737 1705 4816 utjurc
1724 4745 1818 4822 quaeri
1834 4746 1932 4824 possit,

1159 4835 1227 4875 num
1245 4819 1324 4896 quod
1345 4821 1377 4880 in
1398 4821 1590 4885 Politicorum
1614 4827 1701 4889 libris
1724 4833 1876 4910 pollicitus
1896 4849 1934 4892 est

1158 4904 1342 4982 Aristoteles,
1360 4927 1464 4970 revera
1484 4907 1661 4992 praestite'rit.
1675 4915 1733 4976 Sed
1750 4921 1865 4982 etiamsi
1884 4921 1934 4979 hoc

1157 5008 1258 5072 postea
1281 4994 1386 5056 iactum
1402 5019 1465 5059 esse
1480 5001 1690 5078 concedamus,
1713 5025 1781 5068 ecce
1799 5009 1860 5088 jam
1882 5010 1934 5068 alia

1158 5081 1253 5141 oritur
1267 5083 1441 5162 difficultas,
1457 5109 1542 5167 quam
1562 5111 1621 5151 non
1643 5093 1713 5154 satis
1728 5096 1851 5159 fortasse
1873 5117 1935 5177 per-

1159 5185 1284 5249 spectam
1299 5172 1475 5250 habuerunt,
1490 5180 1542 5258 qni
1554 5179 1610 5240 hoc
1626 5181 1692 5240 loco
1707 5183 1754 5243 usi
1769 5197 1838 5245 sunt
1849 5199 1881 5246 nt
1891 5185 1937 5244 de·

1160 5273 1367 5339 monstrarent,
1377 5283 1492 5325 omnem
1506 5267 1586 5326 illam
1598 5268 1635 5328 de
1644 5283 1822 5348 purgatione
1832 5274 1938 5354 passio·
