4134 6134
484 411 533 471 DE
556 411 746 473 INDlGlBUS
768 413 965 475 tlensium
987 411 1245 477 ARISTOTELIS.

119 545 258 622 Ἀπολογία
271 543 404 612 tristicia<
416 543 482 624 πρὸς
496 545 694 626 Εὐρυμέδοντα.
755 581 759 588 -

121 638 142 695 Γ
144 633 266 714 etipsud.

119 723 267 804 ‘Epium
279 721 367 798 λόγου.

89 838 100 872 ο
121 810 251 890 Μαγικόν.

121 905 188 982 Περὶ
203 897 387 981 hypocrism.

121 986 287 1066 Ἀλεξάνδρου
300 983 439 1066 ἰγιληοία.

121 1074 269 1153 'Eruimus
285 1072 409 1134 πλούτου.

122 1165 193 1242 Πρὸς
207 1161 391 1242 Ἀλέξανδρον.

83 1276 105 1312 m
125 1254 190 1330 Περὶ
202 1251 333 1312 Meidios.
491 1259 495 1266 '

102 1429 231 1488 Tertium
256 1427 399 1501 indicem,
416 1437 445 1483 et
466 1443 561 1502 ipsum
582 1443 725 1500 agriaco,
740 1436 772 1481 ut
789 1443 835 1482 νι-

63 1517 159 1590 detut·,
181 1527 299 1573 auctore
316 1513 531 1590 conscriptum,
561 1512 610 1570 sed
633 1510 746 1590 duplici
770 1530 836 1568 ver·

62 1609 142 1665 sione
171 1603 271 1662 multis
293 1603 325 1660 in
344 1601 421 1660 locis
439 1604 480 1658 ita
509 1614 696 1680 corruptum,
721 1611 754 1658 ut
776 1600 836 1678 ple·

63 1713 185 1772 rumque
203 1691 303 1750 nullus
318 1691 387 1748 satis
401 1689 571 1749 commodus
590 1709 607 1748 e
620 1687 720 1747 verbis
734 1707 837 1747 sensus

61 1783 126 1841 clici
138 1781 248 1860 possit,
263 1779 329 1838 ideo
342 1779 475 1836 omittere
487 1778 654 1849 noluimus,
669 1776 750 1854 quod
764 1796 838 1835 non·

61 1870 140 1928 nulla
154 1869 186 1927 in
199 1868 252 1926 illo
265 1867 455 1925 inveniuntur
467 1867 504 1925 ad
518 1865 736 1943 dijudicandam
762 1865 838 1924 hanc

61 1973 149 2016 totum
161 1956 350 2034 quastionem
366 1975 425 2013 non
440 1954 555 2013 inutilia
566 1955 694 2014 iortssse.
709 1955 777 2013 Haec
788 1973 839 2012 au-

61 2060 118 2104 tem
130 2044 267 2104 tabulain
277 2042 541 2119 arabicicujusdam
553 2043 718 2120 scriptoris,
730 2043 838 2102 Dsche·

60 2133 233 2205 rriuluddini‚
259 2151 285 2192 o.
315 2151 389 2204 ¹17²
405 2151 435 2208 p.
451 2129 521 2191 Chr.
549 2131 620 2202 nati,
641 2145 735 2190 exstat
749 2151 839 2210 opere

58 2223 96 2280 de
114 2222 189 2279 viris
208 2219 373 2278 eruditione
387 2218 488 2292 claris,
507 2219 586 2296 quod
601 2219 678 2279 ultra
696 2233 839 2279 trecento·

60 2329 125 2368 rum
142 2309 274 2366 virorum
303 2307 486 2366 eruditorum
507 2311 581 2366 vius
591 2352 599 2381 ,
615 2311 775 2368 secundum
801 2310 838 2368 li·

61 2414 190 2457 ternrum
213 2395 318 2456 seriem
343 2396 486 2472 digestus,
512 2397 724 2475 complectitur.
742 2397 838 2475 Equo

60 2507 153 2563 quum
167 2485 293 2564 primum
309 2484 465 2556 aCasirio,
481 2484 513 2542 in
527 2487 703 2542 Bibliotheca
722 2490 838 2543 arabica

59 2579 263 2643 iii-curiaiemi,
292 2572 326 2630 Τ.
354 2572 378 2644 l,
409 2594 439 2651 p.
462 2575 517 2640 304
551 2592 629 2651 sqq.,
647 2573 841 2632 editus.esset

59 2663 208 2721 librorum
223 2661 467 2722 Aristoteleorum
485 2661 593 2733 index,
607 2663 712 2720 iterum
727 2661 839 2739 publici

53 2752 136 2827 juris
162 2751 253 2809 luctus
276 2763 319 2808 est
343 2769 360 2807 c
397 2749 498 2807 codice
520 2748 706 2807 bibliotheca
732 2749 838 2810 Caesar.

57 2840 201 2898 l‘alotinae
221 2837 442 2898 vindobonensi
465 2856 483 2894 a
503 2836 686 2910 wenricum,
709 2838 740 2896 in
760 2858 839 2896 com·

57 2929 239 2986 mentatione
254 2932 451 2990 Deauctorum
463 2946 618 3002 gracorum
632 2930 802 2982 versionibus
814 2947 842 2990 er

55 3023 333 3090 currirncntariissjr.
350 3017 431 3074 arab.
448 3033 555 3070 armen.
567 3020 747 3090 persicisque,
760 3012 839 3092 Lips.

59 3108 155 3172 silbe.
183 3103 277 3180 Hujus
300 3102 464 3161 versionem
476 3101 596 3159 latinam
612 3103 703 3164 secuti
722 3122 840 3174 sumus,

55 3193 173 3252 additis
189 3205 283 3250 tumen
299 3191 338 3250 iis
358 3210 423 3268 quae
436 3190 484 3249 rel
499 3190 576 3267 opud
588 3190 683 3249 solum
697 3189 841 3249 Casirium

55 3281 267 3352 inveniuntur,
279 3280 326 3337 vel
338 3297 403 3356 quae
418 3278 454 3336 ob
466 3297 501 3337 eo
516 3278 600 3337 aliter
611 3298 751 3358 expressa
764 3293 840 3340 sunt.

99 3453 209 3506 Horum
239 3452 369 3506 librorum
393 3456 544 3508 recensioni
565 3452 657 3524 fidam
684 3464 768 3526 atquc
792 3471 841 3507 au·

52 3545 218 3596 ctoritatem
237 3541 344 3610 arlJ'ecit
357 3541 510 3605 indiculus,
527 3557 611 3612 quem
629 3540 798 3594 Ptolemoeus
813 3547 842 3594 in

55 3631 132 3684 libro
148 3633 177 3682 in
193 3629 317 3703 Agallim
333 3625 389 3701 (vel
401 3625 555 3702 Agalliarn)
572 3639 755 3701 representat
767 3627 843 3704 (Hac
866 3695 870 3709 Ι

53 3715 141 3793 apud
156 3714 302 3773 Casirium
315 3714 347 3772 in
361 3714 455 3772 fronte
465 3713 572 3771 indicis
588 3707 751 3790 leguntur).

144 3804 316 3860 Exhortatio
328 3806 370 3860 ad
371 3803 583 3880 philosophiam
594 3845 602 3873 ,
617 3805 683 3858 libri
693 3806 750 3859 III
760 3803 843 3880 (Mu-

185 3898 311 3947 nimenta
318 3891 523 3967 philosophice,
544 3889 689 3961 tibrim,
705 3888 821 3970 Casiri).

145 3983 231 4035 Liber
242 3980 374 4054 Sophiste
387 3992 572 4054 nuncupatus.

145 4071 332 4137 Dcimtitia,
352 4069 414 4124 libri
425 4070 480 4126 IV.

144 4160 190 4210 De
197 4161 374 4212 institutione
387 4175 547 4231 morumque
554 4159 708 4228 elegantia,
727 4158 790 4212 libri
806 4159 849 4211 IV

189 4243 244 4320 (Dc
252 4250 283 4318 pi
287 4250 368 4300 etatis
378 4245 624 4300 exercitationibus
633 4263 669 4298 ac
681 4247 718 4299 dc
729 4246 848 4299 moribus

190 4336 251 4386 uiro
262 4337 360 4406 cuique
371 4335 604 4404 accommodatio,
618 4333 680 4386 iibri
694 4331 749 4400 IV,
767 4329 856 4407 Cas..)

98 4423 119 4479 5
146 4423 194 4475 De
210 4421 322 4475 Generis
335 4422 489 4478 Nobilitate
495 4462 506 4489 ,
530 4422 593 4476 libri
607 4421 661 4476 IV.

143 4511 192 4564 Dc
204 4511 314 4574 Poetis,
329 4509 392 4563 libri
404 4512 461 4564 III
473 4506 571 4582 (deest
584 4505 662 4584 apud
673 4505 737 4565 Cas.
747 4505 767 4580 ).

142 4601 191 4652 De
203 4599 311 4672 Regno,
327 4597 390 4651 libri
403 4598 431 4649 V
445 4596 541 4672 (deest
553 4593 629 4670 apud
646 4592 740 4664 Cum).

145 4688 194 4740 Dc
209 4686 303 4752 Bona,
322 4685 388 4738 libri
403 4685 437 4742 V.

120 4853 247 4917 Apologia
265 4852 358 4915 pietatis
370 4853 487 4903 adversus
502 4851 712 4915 Eurymedontem.
801 4873 803 4878 ·

121 4941 259 5004 Georgica.

121 5033 197 5080 Laus
209 5028 334 5079 orationis.

82 5127 99 5170 5
120 5116 260 5180 magicum.

121 5209 165 5256 De
181 5203 320 5256 Prudentis.

972 551 1015 603 De
1026 549 1164 622 Arcbytoe
1169 551 1370 626 philosophia,
1386 555 1451 608 libri
1463 557 1527 613 111.

916 655 949 691 to
972 637 1014 690 Dc
1028 638 1124 692 Lineis
1138 640 1347 707 insecabilibus,
1366 642 1430 696 libri
1443 645 1505 696 III.

969 726 1012 778 De
1026 723 1129 792 Iustis,
1148 727 1214 780 libri
1224 728 1279 782 W.
1653 796 1657 802 Ι

969 814 1012 866 Dc
1026 813 1180 868 Contrariis
1192 833 1228 868 ac
1241 817 1374 882 Diversis,
1389 817 1454 871 libri
1475 819 1520 872 IV
1534 817 1592 893 (Dc
1607 824 1667 877 De-

1013 905 1256 958 monstrationibus
1284 924 1319 958 ac
1347 907 1582 980 Propositionibus
1601 931 1669 967 con-

1008 995 1145 1060 tentiosis,
1162 990 1226 1045 libri
1242 993 1297 1059 IV,
1314 990 1377 1051 Cae.
1389 992 1409 1066 ).

969 1080 1011 1131 De
1022 1082 1137 1145 Amore,
1156 1079 1219 1132 libri
1230 1082 1286 1134 III
1287 1121 1294 1136 .

970 1167 1012 1220 Dc
1026 1167 1116 1234 ideis,
1133 1178 1226 1221 utrum
1241 1173 1380 1223 exsistant
1401 1188 1505 1242 necne,
1525 1175 1590 1230 libri
1602 1179 1667 1230 111.

915 1249 949 1306 15
974 1253 1176 1326 Compendium
1204 1261 1295 1328 operis
1316 1257 1457 1313 Platonici
1467 1261 1504 1314 de
1525 1263 1671 1336 liegimine

1009 1345 1163 1411 ciuitatum,
1176 1343 1242 1397 libri
1254 1347 1290 1398 II
1302 1341 1357 1420 (De
1367 1347 1511 1421 Regimine
1523 1355 1667 1418 sanitatis,

1010 1430 1074 1483 libri
1087 1433 1123 1484 II
1128 1469 1137 1496 ‚
1154 1436 1202 1504 qui
1215 1443 1279 1485 sunt
1288 1432 1432 1487 Platonici
1441 1441 1534 1508 operis
1544 1456 1672 1511 compen-

1011 1519 1103 1583 dium,
1117 1516 1181 1578 Cas.
1192 1518 1213 1592 l.

970 1607 1012 1659 Dc
1031 1607 1182 1679 Voluptate
1188 1646 1197 1673 ,
1216 1607 1286 1662 liber
1299 1611 1327 1664 I.

972 1695 1014 1748 Dc
1026 1695 1106 1749 Motu
1113 1736 1122 1762 ,
1141 1696 1205 1749 libri
1214 1697 1307 1754 VIII.

972 1781 1144 1852 Quoestiones
1154 1784 1390 1856 epichirematicus·
1392 1826 1402 1853 ,
1421 1788 1483 1842 libri
1493 1790 1538 1846 11.

974 1871 1017 1924 De
1026 1882 1088 1924 arte
1092 1865 1213 1945 poetica¹
1219 1874 1369 1927 secundum
1378 1874 1549 1950 Pythagorae
1560 1879 1673 1949 ejusque

1010 1970 1175 2013 sectatorum
1183 1961 1306 2033 placita,
1321 1961 1384 2015 libri
1398 1963 1433 2015 11
1443 1962 1514 2036 (sec.
1528 1963 1672 2038 Pythago·

1016 2064 1078 2099 ram
1092 2049 1204 2120 ejusque
1216 2058 1378 2118 sectatores,
1400 2045 1492 2125 Cam).

913 2153 951 2190 ao
974 2137 1017 2190 Dc
1028 2135 1137 2210 Spiritu
1150 2139 1284 2204 animali,
1303 2138 1365 2190 libri
1374 2140 1412 2191 ΙΙ
1414 2140 1438 2192 I.

972 2225 1120 2298 Epistola,
1143 2225 1206 2278 libri
1218 2227 1283 2284 III.

976 2315 1018 2367 De
1033 2314 1101 2368 Nilo
1115 2316 1295 2389 AEgyptiaco,
1317 2315 1378 2368 libri
1395 2316 1452 2373 111
1453 2355 1459 2368 .

977 2403 1019 2456 Dc
1030 2403 1334 2478 Animaliumcaptraa,
1349 2419 1468 2456 necnon
1481 2403 1518 2455 de
1529 2403 1600 2467 locis,
1613 2407 1671 2476 qui-

1014 2489 1064 2543 bus
1079 2491 1258 2544 devertuntur
1271 2501 1355 2562 atque
1373 2490 1550 2556 delitescunt,
1574 2492 1672 2545 liberi

1016 2575 1069 2650 (De
1078 2582 1206 2652 aucupio,
1214 2582 1325 2651 piscatu
1333 2587 1361 2630 ct
1373 2589 1489 2644 uenatu,
1504 2577 1551 2630 ubi
1561 2579 1597 2631 dc
1610 2582 1670 2631 ani-

1021 2667 1139 2719 malium
1154 2665 1219 2719 locis
1232 2675 1260 2718 et
1271 2665 1411 2732 cubilibus,
1430 2665 1500 2718 liber·
1510 2667 1535 2732 1,
1551 2661 1646 2741 Cas.)

974 2753 1130 2808 Concilium
1144 2757 1257 2820 artium,
1274 2753 1374 2806 liberi
1391 2749 1539 2828 (Collectio
1549 2758 1666 2820 artium,

1015 2842 1123 2908 tiberi,
1141 2838 1202 2897 Gtis.
1211 2837 1232 2914 J.

918 2925 956 2982 ab
979 2931 1022 2982 Dc
1035 2929 1126 2982 liebus
1143 2930 1306 2995 amatoriis,
1324 2927 1388 2981 libri
1401 2928 1466 2984 ΙΙΙ.

976 3018 1016 3070 Dc
1028 3018 1271 3091 interpretatione,
1289 3015 1357 3068 liber
1368 3015 1393 3083 I,
1407 3018 1456 3087 qui
1464 3013 1622 3067 dialectica
1632 3026 1674 3068 est

1018 3105 1164 3161 sccundus.

978 3193 1188 3265 Analyticarum
1196 3194 1337 3264 priorum,
1356 3189 1421 3244 libri
1434 3191 1479 3246 Il.

978 3281 1193 3352 Analyticorum
1204 3283 1400 3353 posteriorum,
1417 3279 1480 3332 libri
1490 3281 1536 3332 11.

979 3365 987 3442 i
999 3369 1041 3422 De
1055 3366 1219 3443 Sophisticis
1229 3364 1374 3431 Elcncbis,
1392 3366 1462 3420 liber
1472 3367 1500 3424 1.
1513 3363 1574 3422 Cas.
1582 3363 1600 3438 l.

920 3456 957 3512 bo
981 3455 1141 3510 Etbicorum
1160 3459 1326 3528 quaestiones
1338 3455 1474 3524 majores,
1491 3453 1553 3506 libri
1566 3455 1612 3509 ΙΙ.

976 3543 1134 3598 Etbicorum
1149 3545 1314 3616 quaestiones
1339 3545 1472 3610 minores,
1487 3541 1610 3594 Eudemo
1631 3544 1674 3593 in·

1015 3636 1143 3705 scrpta,
1162 3632 1226 3685 libri
1242 3631 1331 3686 VIII.

979 3721 1022 3774 De
1034 3720 1198 3794 Republica,
1217 3718 1281 3771 libri
1293 3719 1383 3775 VIII.

977 3810 1055 3861 Artis
1070 3805 1231 3875 rhetorices,
1244 3805 1307 3858 iibri
1326 3807 1390 3864 III.

928 3883 931 3890 Ι
978 3895 1110 3967 Physica:
1124 3894 1349 3960 auscultationis,
1364 3890 1572 3950 siredoctrinoe
1592 3905 1674 3946 natu·

1017 3983 1093 4049 ralis,
1112 3983 1174 4037 libri
1188 3982 1275 4036 VIII.

921 4070 957 4126 35
981 4073 1023 4126 De
1035 4071 1116 4126 Coelo
1127 4083 1155 4125 et
1166 4071 1282 4136 mundo,
1300 4069 1364 4122 libri
1374 4064 1511 4140 lVilibri
1525 4069 1564 4134 Χ,
1583 4065 1672 4142 Coei.

983 4161 1027 4214 De
1044 4159 1230 4214 Generatiane
1241 4168 1268 4211 et
1284 4156 1482 4229 corruptione,
1500 4156 1563 4211 libri
1577 4159 1620 4215 II.

981 4249 1024 4301 De
1039 4248 1184 4314 Metcoris,
1207 4245 1270 4299 libri
1281 4243 1336 4301 IV.

982 4337 1026 4390 De
1040 4339 1162 4401 Anima,
1181 4334 1244 4389 libri
1256 4333 1315 4386 III.
1347 4355 1352 4382 ε

983 4425 1025 4478 Dc
1037 4423 1126 4477 Sensu
1142 4433 1170 4477 et
1180 4419 1320 4485 Sensibili,
1336 4419 1405 4474 liber
1416 4422 1444 4476 1.

980 4513 1025 4565 De
1039 4511 1179 4565 Memoria
1191 4521 1219 4564 ct
1233 4522 1345 4574 somno,
1360 4507 1460 4564 liberi
1474 4504 1524 4585 (1).

929 4639 958 4690 (ι)
974 4637 1010 4683 Cl.
1019 4637 1173 4692 suidussnud
1182 4648 1252 4694 auctu
1262 4649 1285 4680 ν.
1293 4631 1392 4692 urium
1399 4637 1533 4684 Aristoteles
1546 4629 1570 4678 lv
1578 4633 1613 4691 τῷ
1622 4631 1673 4691 ami

905 4699 1004 4758 Μνήμης
1019 4701 1060 4748 ναὶ
1072 4700 1161 4750 Ὕπνου
1173 4700 1213 4748 καὶ
1226 4705 1267 4758 τῆς
1278 4699 1333 4750 καθ’
1343 4701 1414 4748 ὕπνον
1428 4703 1537 4761 μαντικῆς
1554 4706 1672 4751 laudatur.

907 4903 911 4910 ,
967 4850 1095 4902 Alexandri
1107 4851 1236 4902 resumtis.

965 4941 1030 4988 Laut
1042 4938 1188 4990 divitiorum.

963 5027 997 5076 Ad
1009 5028 1179 5079 Alexandmm.

920 5121 946 5165 to
966 5118 1002 5166 De
1015 5116 1136 5167 Methodo.
