4134 6134
872 349 1035 411 numm.
1717 359 1756 421 p

190 481 283 540 Aliter
297 499 367 540 roro
380 479 416 538 de
427 479 532 539 ultimo
545 477 597 556 qui
612 492 700 537 restau
713 480 779 538 loco
792 493 921 540 statuen-

147 573 217 631 dum
239 583 303 632 esse
316 586 401 630 nemo
422 569 510 628 ·l'ocile
532 587 637 644 negare
662 569 789 647 poterit,
814 567 873 628 nisi
895 569 920 628 si

148 661 214 738 quis
231 660 389 720 verborum
410 657 576 718 Aristotelis
599 676 714 717 sensum
742 657 776 716 ad
804 659 921 736 opinio·

151 767 216 808 nern
227 747 401 826 detorquere
415 766 567 826 aggressus
581 747 646 807 erit.
658 745 754 816 Quum
764 747 843 805 enim
857 745 923 826 phi·

149 837 288 916 losophus
304 835 344 895 ita
360 835 483 896 dixisset
503 835 535 894 in
552 834 683 912 Poetica,
698 855 724 896 c.
752 833 799 908 15,
823 838 840 912 §
860 835 895 894 15
913 859 920 896 :

149 925 242 985 Ταῦτα
263 925 291 984 δι
316 924 356 982 δοῖ
378 925 518 1004 διατηρεῖν,
538 920 665 998 καὶπρὸς
688 919 786 989 τούτοις
800 923 835 982 τὰ
850 923 924 1004 napis

148 1011 234 1078 τλςιξ
252 1009 368 1088 ἀνάγκης
380 1007 571 1076 &aleatorium
590 1008 723 1080 αἰσθήσεις
736 1013 769 1088 τῇ
783 1015 923 1092 ποιητικῇ,

148 1098 195 1157 καὶ
219 1097 270 1177 pap
295 1099 354 1158 κατ’
383 1095 462 1164 αὐτὰς
488 1095 557 1156 ἔστιν
588 1094 747 1176 ἁμαρτάνειν
777 1097 922 1165 πολλάκις·

148 1185 256 1245 deinde
278 1204 349 1244 vero
361 1185 521 1245 addidisset
535 1206 541 1241 :
561 1181 665 1264 ιῖρηται
679 1182 707 1242 δὲ
720 1183 780 1262 napi
798 1186 885 1244 αὐτῶν
899 1187 925 1244 ir

148 1283 200 1342 ταῖς
211 1273 388 1351 ἐκδιδομένοις
401 1276 487 1352 λόγοις
499 1275 607 1345 ἱκανῶς,
632 1291 692 1330 non
710 1273 810 1331 minus
823 1275 880 1332 lroc
891 1275 924 1332 lit

148 1363 335 1442 perspicuum
352 1363 390 1422 de
403 1361 462 1420 alio
479 1361 605 1440 quodam
618 1358 707 1432 libro,
727 1379 780 1418 nec
794 1379 877 1436 vcro,
893 1374 926 1420 ut

148 1451 244 1510 locum
260 1449 367 1510 llosins
381 1449 588 1528 interpretatus
603 1459 656 1519 est,
673 1447 711 1506 de
730 1447 770 1506 iis
785 1467 851 1524 quae
874 1467 922 1507 su·

147 1537 317 1616 purioribus
326 1536 459 1618 partibus
467 1535 598 1614 ejusdem
611 1533 684 1592 libri
695 1535 773 1592 dicta
783 1548 874 1608 mant,
883 1537 925 1595 lo·

148 1638 248 1684 cutum
268 1643 332 1686 esse
351 1637 481 1704 piretum,
496 1642 584 1702 quarn
605 1621 692 1694 illud,
716 1622 794 1681 hunc
815 1621 924 1682 librum

148 1714 199 1772 vis
213 1713 304 1773 alium
314 1731 377 1774 csse
391 1730 479 1791 posse
500 1729 587 1789 quam
602 1707 750 1785 dialogum
764 1709 800 1767 dc
814 1707 923 1782 Poetis,

149 1801 204 1873 ita,
226 1815 259 1861 ut
279 1801 337 1860 nisi
362 1811 464 1879 postea
486 1797 602 1857 additus
627 1815 690 1856 esse
709 1796 924 1858 demonstretur

147 1888 245 1962 locus,
259 1902 389 1948 tenemus
404 1887 466 1965 jam
482 1885 690 1957 testimonium,
713 1905 773 1964 qno
794 1899 854 1945 tota
874 1887 925 1946 illa

148 1997 215 2054 ηοω
230 1977 268 2036 de
281 1975 446 2037 Aristotelis
467 1975 603 2051 dialogis,
626 1975 712 2051 quasi
728 1975 926 2054 supposititiis

147 2079 179 2124 et
203 2065 378 2145 philosopho
393 2063 535 2140 indignis,
550 2081 645 2141 nuper
658 2064 791 2140 exposita
805 2077 849 2122 est
863 2082 926 2123 sen·

150 2155 242 2212 tentia
262 2152 405 2212 concidet.

189 2243 246 2303 Sed
257 2243 344 2302 missa
352 2241 414 2319 jam
426 2252 485 2298 totu
497 2238 552 2296 hac
565 2237 774 2315 disputatione,
787 2255 844 2313 qua
858 2234 925 2312 qui·

148 2336 214 2392 dein
225 2351 271 2391 res
282 2329 450 2390 adumbrari
461 2328 561 2403 potius
577 2345 663 2403 quam
680 2324 792 2384 absolvi
809 2324 926 2402 potuit,

148 2418 323 2494 adsingulos
336 2417 467 2493 dialogos
477 2435 641 2495 pergamus.
654 2411 689 2474 ln
697 2415 926 2474 recensendisiis

147 2534 164 2572 e
186 2513 293 2592 quibus
312 2513 470 2590 fragmenta
490 2523 603 2571 seruata
620 2525 697 2583 sunt,
717 2511 808 2570 secuti
824 2530 925 2571 sumus

977 497 1007 540 et
1020 485 1155 556 liberalis,
1173 498 1202 541 et
1219 507 1283 562 quoe
1300 505 1394 544 omnes
1409 494 1500 562 magis
1518 509 1603 565 quam
1616 489 1754 566 sepse'di-

979 574 1052 645 tigit,
1064 576 1133 628 aliis
1151 587 1220 629 natu
1232 579 1327 649 potius
1340 595 1424 650 quam
1437 579 1504 648 sibi,
1515 583 1639 635 excitare
1651 587 1756 649 jacen-

979 671 1033 716 tem
1046 674 1078 716 et
1095 666 1124 716 in
1149 663 1201 718 illo
1209 664 1300 718 divino
1314 664 1385 720 solio
1396 683 1451 721 non
1474 667 1556 739 longe
1576 686 1596 722 a
1614 673 1756 741 sapientia

978 751 1124 806 collocare.
1136 752 1197 807 Nec
1210 771 1279 807 uero
1292 753 1349 808 illis
1369 766 1420 808 aut
1430 755 1562 810 volumtas
1570 755 1662 817 defuit
1676 753 1755 832 (qaoe

978 843 1055 894 enlm
1068 843 1103 893 iis
1114 840 1255 896 scribendi
1268 841 1331 895 alia
1344 859 1443 908 causa,
1471 855 1522 898 aut
1547 845 1624 918 quod
1643 849 1756 900 omnino

978 929 1126 982 consilium
1143 924 1261 1002 futtili,
1285 941 1335 983 aut
1365 933 1524 1004 ingenium,
1555 949 1608 1005 quio
1629 933 1756 990 omnibus

976 1019 1185 1090 marturum,
1224 1031 1291 1071 urm
1328 1025 1358 1072 et
1390 1013 1448 1072 alia
1479 1016 1577 1074 omnia
1609 1015 1756 1088 indicant,

980 1109 1054 1171 turn,
1070 1100 1122 1177 qui
1137 1100 1259 1176 integris
1272 1098 1425 1158 Ciceronis
1439 1100 1476 1159 de
1489 1100 1651 1180 Republica
1670 1103 1756 1162 libris

980 1199 1051 1244 usus
1061 1200 1116 1260 est,
1129 1186 1307 1260 horontius,
1321 1188 1400 1266 apud
1412 1208 1498 1268 quern
1518 1191 1626 1268 saepius
1643 1192 1755 1250 Aristo·

980 1273 1047 1332 telis
1060 1292 1136 1353 opus
1151 1276 1321 1353 respicitur,
1340 1276 1409 1336 licet
1434 1277 1492 1356 ipsi
1510 1276 1659 1336 lactantio
1675 1297 1692 1338 e
1707 1279 1755 1338 ci·

979 1379 1085 1420 cerone
1104 1373 1214 1421 tanturn
1227 1364 1398 1424 innotuerit
1417 1361 1461 1425 lta
1478 1365 1555 1423 enim
1570 1365 1628 1434 ille,
1647 1364 1755 1428 lnstitt.

979 1443 1013 1519 V,
1030 1468 1085 1521 ¹7²
1101 1452 1176 1507 llam
1197 1452 1282 1506 Plato
1292 1461 1322 1505 et
1339 1454 1503 1507 Aristoteles
1515 1452 1632 1508 honesta
1647 1455 1757 1528 quidem

980 1537 1125 1592 remutare
1141 1542 1281 1609 justitiam
1299 1534 1450 1606 defendere
1468 1545 1624 1614 cupierunt,
1643 1538 1754 1613 essetis

979 1638 1100 1700 seruque,
1110 1626 1236 1700 aliquid,
1250 1630 1276 1680 si
1292 1636 1408 1680 cenatio
1423 1644 1519 1682 eorum
1539 1629 1640 1698 bonos,
1658 1635 1683 1684 si
1697 1632 1758 1686 elo·

979 1716 1133 1788 quentiam,
1150 1718 1176 1768 si
1195 1719 1326 1768 uirtutem
1346 1719 1437 1768 animi
1458 1726 1486 1770 et
1505 1720 1623 1788 ingenii,
1645 1719 1757 1772 divina·

979 1819 1041 1856 rum
1054 1819 1161 1875 quoque
1172 1819 1263 1857 rerum
1276 1802 1542 1871 docuinajuvr'sset5
1558 1800 1633 1862 ibid.
1649 1825 1675 1861 c.
1694 1811 1728 1870 ιι,
1747 1824 1755 1860 z

981 1889 1144 1945 Carneades
1155 1901 1267 1960 autem,
1284 1902 1314 1944 ut
1327 1892 1498 1946 Aristotelem
1512 1888 1656 1962 refelleret
1675 1903 1760 1967 atque

981 1976 1138 2046 Platonem,
1153 1981 1275 2048 justitiet
1289 1990 1433 2051 pannnor,
1446 1984 1543 2052 prima
1556 1981 1610 2034 illa
1629 1982 1760 2056 disputa-

981 2069 1055 2118 tione
1062 2066 1179 2136 collegit
1187 2083 1223 2120 ea
1235 2069 1343 2135 omnia,
1359 2085 1423 2140 quar
1432 2085 1485 2140 pm
1489 2071 1602 2136 justitia
1614 2066 1756 2123 diceban-

980 2163 1034 2222 tur,
1060 2165 1091 2208 ut
1107 2154 1283 2227 portatilia,
1307 2156 1378 2207 sieut
1382 2150 1469 2223 siscit,
1485 2165 1620 2221 evertere,·
1642 2151 1751 2212 lnstitt.

980 2237 1060 2318 Epit.
1085 2241 1123 2297 ad
1141 2237 1262 2299 Pentad.
1276 2259 1303 2296 c.
1321 2238 1358 2296 55
1378 2259 1386 2295 ι
1404 2241 1525 2296 Plurimi
1543 2243 1653 2316 quadem
1665 2243 1762 2316 pitito·

981 2329 1142 2404 sophorum,
1163 2330 1215 2385 seii
1237 2332 1360 2384 maxime
1379 2331 1465 2385 Plato
1480 2341 1510 2384 et
1527 2333 1696 2400 Aristoteles,
1724 2334 1760 2388 de

979 2421 1089 2490 justitia
1110 2419 1198 2473 multa
1218 2419 1358 2484 dixerunt,
1378 2429 1532 2475 asserentes
1550 2431 1580 2474 et
1596 2423 1761 2477 extollentes

981 2523 1049 2560 eam
1066 2523 1177 2575 summa
1201 2505 1285 2560 laude
1303 2509 1445 2574 uirtutem,
1473 2508 1550 2580 quod
1567 2525 1647 2562 suum
1664 2513 1762 2583 cuique

148 2603 283 2662 ordinem
305 2622 365 2680 qno
387 2601 466 2680 apud
486 2601 646 2676 Diogenem
664 2597 826 2656 enumerati
845 2610 923 2668 sunt,
980 2593 1101 2664 tribuat,
1124 2595 1198 2667 quod
1219 2598 1381 2668 equitatem
1410 2599 1441 2648 in
1460 2595 1588 2651 omnibus
1612 2608 1715 2665 servet,
1730 2609 1759 2652 et

149 2693 209 2751 nisi
222 2689 301 2770 quod
325 2689 362 2748 ud
384 2689 505 2748 ultimos
521 2688 624 2746 attinet
644 2685 756 2756 titulos,
776 2704 850 2762 quos
864 2705 923 2743 me·
980 2699 1064 2754 quum
1086 2693 1188 2738 ceterae
1205 2686 1325 2736 viriiiter
1338 2685 1421 2756 quasi
1439 2685 1534 2737 tacitae
1553 2688 1623 2755 sint,
1640 2695 1669 2738 et
1689 2688 1761 2738 intus

150 2781 228 2838 liore
238 2779 343 2838 ordine
353 2793 485 2836 servasse
494 2774 610 2834 videtur
619 2775 802 2850 Anonymus.
981 2771 1104 2835 imm,
1119 2771 1210 2824 soum
1223 2786 1283 2823 0⁸⁸0
1297 2773 1452 2839 justitiam,
1462 2787 1526 2843 quw
1535 2787 1586 2824 Μ
1595 2771 1649 2824 sibi·
1655 2783 1761 2826 ΝΜ

981 2856 1130 2909 conciliata
1145 2858 1203 2922 sit,
1225 2872 1277 2909 nec
1292 2854 1418 2922 occura,
1435 2855 1487 2910 sed
1493 2852 1576 2924 foras
1588 2867 1646 2910 tota
1658 2862 1763 2929 prorni-

982 2954 1067 3015 neat,
1081 2942 1164 2997 etad
1180 2942 1250 2995 bene
1261 2937 1433 3012 faciendum
1442 2959 1535 3016 prona
1551 2947 1601 3012 sit,
1617 2954 1649 2998 ut
1663 2961 1762 3018 quarn-

981 3033 1113 3107 plurrimis
1122 3035 1228 3105 prosim
1240 3041 1270 3086 et
1284 3019 1453 3107 paulo'post
1465 3049 1472 3085 ι
1485 3032 1545 3086 Nea
1554 3035 1690 3087 immerito
1709 3050 1761 3086 ea·

193 3119 240 3180 Ad
264 3117 362 3178 nullos
387 3116 461 3176 alios
488 3113 582 3174 libros
603 3133 689 3191 quam
715 3112 752 3172 ad
777 3112 926 3190 dialogum
982 3124 1051 3175 satit
1065 3117 1563 3194 Carneades‚}romosammotngenio
1577 3131 1607 3174 ee
1618 3125 1759 3192 acumine,

149 3207 213 3286 περὶ
221 3203 409 3280 Δικαιοσύνης,
425 3221 512 3282 quem
523 3203 652 3279 primum
668 3214 789 3280 uterque
800 3215 929 3262 recenset
983 3213 1032 3283 qui
1041 3206 1182 3280 refilleret
1195 3212 1311 3262 istorum
1324 3212 1479 3262 orationem
1495 3218 1522 3262 et
1530 3212 1683 3278 justitiam,
1699 3227 1762 3283 quoe

150 3295 242 3356 index
256 3293 302 3374 (de
316 3297 440 3366 lustitia,
454 3292 474 3352 l.
492 3289 539 3361 lv,
558 3289 737 3361 Dschemal.,
762 3285 810 3366 t),
825 3287 929 3348 referri
965 3339 969 3347 .
975 3293 1198 3368 finidmnenuim
1210 3296 1376 3350 stabiknan
1387 3295 1521 3362 lambat,
1535 3308 1687 3352 everteret:
1706 3315 1762 3352 non

150 3401 249 3462 posse,
264 3399 332 3459 quae
348 3392 416 3460 post
433 3379 503 3439 satis
522 3397 656 3454 magnam
677 3378 811 3436 lacunam
826 3376 858 3435 in
875 3375 929 3435 ei·
985 3390 1054 3459 quia
1065 3385 1284 3458 vituperandam
1298 3386 1501 3456 essejustiriam
1514 3385 1663 3454 sentiebat,
1675 3386 1762 3440 sedat

151 3471 270 3530 cernuis
286 3467 379 3553 libris.
390 3467 427 3528 de
451 3465 614 3544 Republica
633 3463 690 3537 ill,
717 3485 742 3522 c.
770 3465 800 3537 8,
822 3462 928 3539 legun·
984 3475 1049 3531 illos.
1072 3468 1232 3543 defensores
1246 3476 1308 3543 ejus
1326 3473 1483 3527 ostenderet
1496 3471 1571 3526 nitu
1590 3477 1670 3540 certi,
1691 3473 1764 3526 nihil

151 3574 221 3619 tur:
293 3560 505 3633 etreporiretet
527 3568 662 3624 tueretur3
687 3557 761 3610 alter
779 3565 871 3610 autem
893 3555 931 3610 de
981 3562 1066 3635 firmi
1089 3562 1126 3616 de
1140 3563 1252 3632 justitia
1266 3561 1407 3617 disserere.
1433 3557 1474 3616 Ne
1487 3577 1559 3616 vero
1574 3559 1676 3617 credas
1688 3558 1763 3617 male

152 3657 217 3724 ipsa
237 3651 352 3717 Justitia
370 3656 503 3719 quattuor
517 3645 642 3718 implevit
662 3661 731 3700 rane
748 3641 870 3717 grandes
892 3641 930 3695 li·
985 3643 1033 3704 hlc
1053 3645 1230 3704 carneadem
1252 3664 1309 3724 pro
1330 3643 1497 3723 Chrysippo
1518 3644 1632 3715 induci,
1650 3646 1761 3723 quippe

153 3737 226 3796 bros.
239 3737 342 3792 illamo
357 3733 516 3808 Chrysinpo
528 3732 604 3788 nillil
616 3749 747 3807 magnum
755 3747 805 3785 nec
819 3732 931 3802 magni-
985 3753 1073 3811 quem
1079 3733 1210 3794 Platonis
1221 3731 1422 3791 ministotelis
1429 3732 1467 3790 de
1475 3730 1591 3808 justitia
1598 3732 1760 3795 doctrinam

154 3827 239 3884 ticum
260 3822 425 3892 desideravi,
445 3825 494 3895 qui
506 3820 685 3894 suoquodam
703 3837 779 3874 more
799 3819 929 3892 loquitur,
986 3826 1173 3902 impugnasse
1186 3821 1311 3880 affirmet
1323 3820 1497 3880 Plutarchus
1506 3818 1556 3900 (cl.
1570 3818 1648 3878 inira
1658 3819 1760 3896 fragm.

154 3929 185 3970 ιιι
198 3917 295 3970 omnia
305 3911 453 3968 verborum
466 3913 620 3978 munientis,
633 3927 688 3964 non
699 3925 789 3962 rerum
800 3907 932 3981 ponderi·
990 3909 1037 3989 1,),
1053 3910 1208 3969 tenendum
1223 3923 1268 3970 est
1281 3908 1463 3968 Luctantium
1481 3908 1518 3966 de
1537 3907 1629 3965 altera
1642 3906 1757 3964 illarum

157 4000 209 4056 bus
229 4002 381 4058 examinet.
405 3999 523 4053 Illorum
540 3993 606 4066 fuit
623 3995 753 4062 heroum,
769 4012 833 4049 eam
845 3998 932 4050 virlit-
989 3999 1205 4058 notissimarum
1219 3997 1448 4077 disputationum
1461 3995 1563 4072 loqui,
1583 4013 1688 4071 quam,
1710 3995 1762 4054 im.

155 4105 224 4163 reni,
238 4107 300 4162 quoe
314 4099 356 4142 est
371 4105 439 4156 una,
456 4091 481 4141 si
500 4086 582 4140 modo
599 4097 650 4153 est,
665 4087 789 4139 maxime
800 4081 932 4153 munifica
988 4085 1267 4165 praemasticatione,
1282 4084 1381 4147 Romae
1395 4081 1537 4141 habuerat
1550 4080 1719 4140 Carneades.

1028 4173 1072 4232 De
1088 4172 1193 4232 horum
1210 4170 1354 4230 librorum
1370 4181 1552 4247 argumento,
1565 4171 1701 4248 proxime
1724 4171 1760 4229 ad

154 4266 441 4330 >eyminum-tuem
455 4283 501 4318 noo
522 4271 603 4319 ridere
615 4270 736 4324 confiteor.
750 4281 793 4317 car
808 4273 930 4325 tonsore·
987 4259 1156 4319 Platonicos
1176 4259 1270 4317 libros
1295 4258 1331 4316 de
1358 4256 1518 4337 Republica
1538 4256 1699 4329 acumenti,
1725 4257 1762 4316 de

156 4339 345 4399 terliotempore
353 4331 932 4395 ὄιδωκοὶαςᾱιιιιιιιλιιιιοιοιιι,ιιοοδιδούσηςι
987 4347 1114 4425 quibus,
1140 4358 1212 4406 ,este
1236 4345 1345 4404 proclo
1379 4345 1412 4403 in
1438 4343 1553 4404 pmon·
1585 4343 1753 4423 Rempubp'

156 4402 580 4517 3lfflllllllll¹ll⁰⁰d⁶ll¹lllt
593 4400 931 4520 illis‘ldlllllilllf'l
986 4453 1017 4510 n·
1035 4435 1151 4512 3t9sq.
1164 4432 1360 4504 Basilmulti
1373 4433 1415 4490 ita
1428 4430 1761 4508 euticianuillospm

155 4527 199 4600 aui
212 4523 280 4582 mins,
294 4526 322 4570 ut
336 4534 398 4574 νυοῦ
411 4521 488 4578 νῐᾱω.
501 4535 555 4570 eum
565 4525 630 4570 tarro
644 4525 720 4578 rimo,
731 4519 931 4577 nauaspernmoo
987 4524 1073 4601 cipue
1086 4522 1118 4581 in
1132 4520 1294 4600 quaestione
1307 4519 1344 4578 de
1357 4519 1473 4598 justitia
1491 4519 1616 4591 versari,
1633 4519 1671 4578 cl.
1690 4519 1759 4576 Ber-

157 4587 290 4633 Aristotelis
296 4587 438 4644 interprete,
450 4587 579 4631 eommunis
594 4587 634 4631 est
646 4584 681 4631 Cl.
691 4586 741 4639 ejus
750 4594 835 4629 comm.
848 4583 872 4628 ln
882 4581 900 4628 Ι.
911 4581 928 4628 l.
1733 4606 1739 4616 .

157 4653 187 4697 ile
196 4651 314 4706 Animum.
324 4647 506 4694 intedllauor.
517 4653 575 4693 rsus.
988 4631 1072 4689 ”⁸5⁵2
1085 4612 1107 4672 ¹·
1121 4611 1144 4672 i·
1155 4631 1187 4690 P·
1200 4611 1238 4679 43
1247 4629 1311 4688 Μ’

346 2945 438 3006 ΠΕΡΙ
458 2944 730 3005 ΔΙΚΑΙΟΣΥΝΗΣ.
