4134 6134
497 453 502 462 ,
596 388 835 452 respuentes
856 393 1155 458 ATHENlENSlUM.

88 521 184 592 τέλης
194 521 216 579 δ’
232 521 258 578 tv
267 518 414 592 ΥἈθηναίων
429 519 554 599 Πολιτείερ
569 517 676 582 Ἄνυτόν
694 545 760 604 φησι
774 547 856 582 κατα·

89 607 168 676 δεῖξαι
181 609 211 668 τὸ
222 607 338 677 δεκάζειν
350 607 384 665 τά
400 607 566 687 δικαστήρια.

127 695 173 757 Cl.
190 695 259 756 Lex.
273 695 392 772 Seguer.
411 715 441 774 p.
457 695 526 768 236,
544 696 562 752 6
578 695 662 754 Beni.
681 719 688 754 :
708 697 816 776 Πρῶτος
835 699 857 758 δ’

85 781 169 844 ῖδάκει
182 782 289 842 δεκάται
305 783 425 853 Μέλητος
439 784 531 857 (male
543 803 599 862 pro
612 781 734 865 Ἄνυτος)
748 784 796 853 τὰς
812 789 855 846 εθ-

86 871 162 938 θιίνας
182 869 266 938 διδοὺς
280 874 326 942 τῆς
347 871 373 929 lv
390 867 472 950 Πύλῳ
495 871 655 951 στρατηγίας
674 872 707 944 ἣν
725 877 813 939 κακῶς
830 875 857 930 ῖ-

85 957 277 1038 στρατηγησεν.
294 957 391 1035 Εεγιο.
408 957 448 1017 Μ.
464 979 494 1037 p.
510 959 583 1030 ait,
598 961 647 1020 31.

383 1087 416 1143 υ
443 1084 546 1163 eoo).

123 1217 371 1297 Harpocrations.
387 1239 416 1278 ν.
427 1217 691 1299 Τετρακάσιυι....
706 1221 743 1278 Ol
758 1240 855 1298 τιτρα·

81 1305 166 1365 κάσιοι
176 1306 229 1385 πρὸ
240 1304 308 1366 ἑπτὰ
321 1308 386 1365 trev
402 1306 568 1379 κατέστησαν
585 1308 637 1364 τῶν
651 1304 792 1386 τριάκοντα
806 1329 854 1364 τυ-

82 1394 181 1472 ράννων
202 1397 266 1472 παρ’
282 1393 442 1466 Ἀθηναίοις,
460 1393 554 1460 οἵτινες
567 1393 695 1472 τίτιαρας
710 1397 795 1472 μῆνας
805 1383 855 1472 ἥρ-

81 1482 127 1550 ξαν
142 1487 190 1554 τῆς
205 1481 317 1554 πόλεως,
331 1479 366 1548 ὥς
381 1505 460 1561 ρησιν
475 1480 710 1559 Ἀριστοτέλης
735 1483 761 1540 itt
777 1479 854 1556 ’Aeq-

77 1570 160 1630 ναίων
175 1571 313 1650 Πολιτεία.

120 1658 230 1718 Eadem
238 1658 344 1718 Suidas
356 1671 385 1716 et
396 1657 534 1730 Photius,
549 1658 658 1718 omisso
669 1671 763 1718 tamen
775 1657 854 1717 Aris·

78 1747 175 1806 tutelis
189 1746 318 1806 nomine.

394 1873 429 1928 να
450 1871 542 1950 ιιοιι

115 1999 218 2060 Schol.
239 1999 425 2076 Aristophsn.
439 1998 524 2076 Vesp.
547 1999 598 2068 157
622 2017 630 2058 ι
652 1999 849 2077 Δρακοντίδηςε

75 2088 197 2164 Πονηρὸς
207 2077 282 2153 οὗτος
301 2087 346 2144 καί
362 2085 497 2152 πλείσταις
511 2085 666 2151 καταδίκαις
686 2085 849 2163 ἐνεχόμενος,

72 2176 107 2239 ὡς
128 2173 245 2233 Πλάτων
268 2175 421 2254 Σοφισταῖς.
451 2173 649 2252 Καλλίστρατος
672 2172 699 2230 δὲ
729 2172 776 2230 ίνα
799 2176 851 2230 τῶν

71 2261 217 2339 τριάκοντά
226 2283 317 2340 φησιν,
331 2263 355 2320 εἰ
367 2259 405 2338 μὴ
416 2259 561 2337 ὁμώνυμος·
571 2258 627 2318 ἔστι
640 2259 691 2340 γὰρ
706 2250 780 2326 οὗτος
793 2264 808 2319 θ
823 2259 851 2316 τὸ

72 2349 136 2427 περὶ
149 2353 204 2408 τῶν
211 2349 352 2428 τριάκοντα
361 2349 485 2429 ψήφισμα
495 2345 556 2426 περὶ
571 2347 724 2428 ὀλιγαρχίας
736 2345 849 2428 γράψας,

71 2441 106 2503 ὡς
125 2435 367 2516 Ἀριστοτέλης
379 2439 406 2497 la
425 2436 586 2502 Πολιτείαις.

112 2524 160 2582 Cl.
183 2517 293 2604 Lysias
309 2537 410 2584 eontra
432 2525 614 2602 Eratosth.§
641 2525 691 2597 73,
714 2521 847 2604 Xenoph.

72 2613 151 2676 llell.
170 2617 212 2684 ΙΙ,
231 2615 260 2686 3,
275 2635 303 2673 u.

376 2751 412 2808 33
435 2748 536 2828 (hon).

109 2878 223 2936 Pollux
235 2877 340 2938 Ouum.
358 2875 436 2948 Vlll,
452 2877 546 2949 tit-87
565 2894 572 2936 :
592 2874 739 2956 Ἀρχόντων
755 2875 782 2935 il
798 2876 850 2933 τῶν

20 3023 23 3028 ,
69 2963 215 3035 Ἀθήνησιν
224 2963 341 3038 ὀνόματα
353 2966 376 3024 οἱ
392 2965 462 3023 ἰννί
469 2987 487 3022 α
503 2963 670 3043 ἄρχοντες.
687 2962 748 3023 Εἰσὶ
762 2959 790 3020 il
805 2961 850 3041 rip·

66 3075 147 3131 χων,
176 3047 314 3129 βασιλεύς,
338 3049 506 3130 πολέμαρχος
526 3049 572 3108 καὶ
588 3048 742 3127 θεσμοθέται
763 3046 799 3117 li·
813 3049 844 3106 ίκ

66 3139 174 3198 τούτων
202 3139 254 3219 γάρ
272 3143 297 3198 ol
320 3143 393 3199 ίννία
416 3141 639 3218 συμπληροῦνται.
659 3137 797 3198 Ἐκαλεῖτο
817 3134 845 3195 δι’

64 3251 105 3294 τις
123 3228 291 3302 θεσμοθετῶν
311 3225 460 3304 ἀνάκρισις,
477 3228 500 3284 tl
520 3224 650 3296 Ἀθηναῖοί
669 3225 734 3284 εἶσιν
752 3219 846 3284 ἕκατί-

65 3320 150 3394 ρωθεν
165 3317 198 3374 ἐκ
209 3312 338 3393 τριγονίας
350 3312 396 3371 καὶ
408 3313 452 3372 τὸν
468 3313 550 3388 δῆμον
565 3311 642 3370 πάθεν
654 3307 701 3371 καὶ
715 3313 737 3370 tl
749 3309 847 3370 Ἀττάλ-

63 3425 117 3460 των
132 3400 210 3461 ἔστιν
225 3403 311 3465 αὐτοῖς
322 3403 443 3480 πατρῷος
456 3398 503 3459 καί
510 3399 574 3465 Ζεὺς
589 3398 686 3480 ίρκειος
695 3397 741 3457 καί
753 3399 776 3456 sl
787 3396 846 3462 τοὺς

438 3571 477 3616 30.

92 3681 250 3732 Aristoteles
274 3681 298 3730 in
328 3680 509 3732 Atheniensium
523 3679 657 3744 itepnhliea
681 3679 715 3730 sit
741 3679 846 3742 Anytum

58 3768 305 3833 corrumpentiorum
314 3768 462 3832 judiciorum
473 3770 596 3820 auctorem
606 3767 692 3820 luisse.

440 3879 479 3926 ³1.

90 3982 279 4048 Quadringenti
297 3982 362 4047 sputi
383 3983 542 4035 Athenienses
563 3986 656 4048 septem
667 3981 723 4034 anni
735 3986 791 4033 ante
804 3981 847 4033 tri·

57 4073 130 4136 ginta
140 4076 266 4135 tyrannos
278 4069 405 4121 constituti
415 4071 498 4132 tuere,
513 4070 556 4134 qul
567 4083 664 4121 menses
678 4071 795 4136 quattuor
810 4068 846 4119 ei·

59 4158 134 4210 ritati
146 4157 349 4246 praefuerunt-nt
357 4155 431 4206 tradit
442 4153 584 4208 Aristoteles
593 4155 618 4206 in
627 4154 758 4220 Republica
770 4153 845 4207 Athe·

56 4245 199 4298 niensium.

439 4353 478 4399 ³2.

89 4462 264 4514 Dracontities
284 4461 409 4512 decretum
428 4462 459 4512 tle
479 4462 578 4525 triginta
604 4463 711 4512 tiromm
734 4461 845 4512 ‹lonins-

54 4558 129 4608 tione
143 4553 261 4616 scripsit,
285 4555 313 4602 ut
334 4551 409 4602 tradit
431 4552 575 4602 Aristoteles
588 4551 613 4601 iu
629 4563 702 4615 opere
722 4550 753 4602 ‹le
764 4549 846 4602 Rehu's

54 4643 183 4711 puhlicis.

438 4733 476 4780 38.

89 4831 262 4897 Magistratus
276 4829 462 4880 Atheniensium
483 4830 597 4890 nomina,
616 4844 704 4881 norem
722 4832 845 4896 magistra·

56 4927 112 4976 tus.
130 4919 204 4974 Sunt
215 4917 386 4980 rero'arelron,
400 4931 452 4979 rex,
462 4919 632 4982 polemsrehns
644 4921 669 4970 et
682 4932 726 4971 sex
738 4920 845 4971 thermo

51 5012 152 5070 thetae;
168 5003 239 5058 hisee
248 5005 313 5058 enim
327 5019 414 5056 norem
425 5005 461 5058 itti
469 5005 601 5056 armenios
616 5007 777 5070 complentur.
788 5011 846 5060 erat

1624 409 1683 468 933

912 525 1003 604 γονίας
1016 519 1047 586 εὖ
1061 534 1165 590 ποιοῦσι
1178 528 1225 588 καί
1243 531 1266 589 sl
1284 532 1471 612 ίστράτευνται
1488 537 1554 615 ὑπὲρ
1572 542 1618 610 τῆς
1632 563 1685 598 ιτα·

912 615 997 692 τρίθυς
1011 615 1058 674 καί
1073 620 1096 677 sl
1108 617 1139 675 τὸ
1151 617 1256 694 τίμημα
1268 618 1338 678 ίστιν
1352 621 1449 687 αὐτοῖς.
1466 621 1610 703 Ἐπηριίτα
1625 628 1649 685 δ’
1664 631 1681 698 ἡ

913 703 1011 782 βουλή,
1027 703 1131 780 ὤμνυον
1145 707 1169 763 θ’
1185 697 1255 766 οὗτοι
1269 706 1380 788 ιτρὸςτῇ
1404 711 1530 792 βασιλείῳ
1544 724 1620 796 στοᾷ,
1637 717 1683 776 isti

911 797 956 851 τοῦ
969 792 1042 851 λίθου
1055 793 1100 874 ὑφ’
1110 784 1133 873 ᾧ
1144 792 1179 853 τίι
1192 802 1316 872 ταμιεῖα,
1329 793 1505 876 συμρυλάξειν
1518 801 1578 868 rol<
1591 803 1684 880 νόμους

910 880 956 936 καὶ
970 877 1007 956 μὴ
1024 879 1223 959 δυροδοκήσειν,
1237 878 1254 952 ἢ
1268 889 1380 963 χρυσοῦν
1393 886 1535 965 ἀνδριάντα
1548 891 1682 950 ἀποτῖσαι.

819 1015 822 1022 .
911 955 979 1028 Εἶτα
988 968 1104 1026 ῖντεῧθιν
1115 970 1152 1034 εἰς
1163 968 1305 1048 ἀκρόπολιν
1317 971 1465 1038 ἀνελθόντες
1474 972 1576 1051 ὤμνυον
1588 979 1681 1038 ταύτά.

912 1053 1032 1135 Μυρρίνη
1056 1055 1080 1114 δ’
1107 1057 1300 1134 ἔστεράνωντο,
1327 1058 1373 1115 καλ
1398 1066 1472 1141 κοινῇ
1501 1061 1550 1139 μίν
1577 1063 1681 1144 ἔχουσιν
1710 1083 1714 1088 ’

910 1143 1026 1212 ίξουσίαν
1040 1143 1154 1204 θανάτου
1176 1145 1221 1203 teir
1235 1169 1273 1212 τις
1291 1146 1370 1225 κατίῃ
1385 1147 1444 1207 ὅσοι
1459 1151 1498 1227 μὴ
1522 1151 1622 1231 ἔξεστι,
1636 1157 1682 1214 καὶ

910 1233 1020 1312 κληροῦν
1045 1230 1185 1304 δικαστάς,
1211 1232 1256 1292 καὶ
1282 1234 1421 1301 άθλοθίτας
1442 1238 1488 1296 ἕνα
1507 1237 1576 1296 κατὰ
1595 1240 1678 1320 ρυλὴν

910 1319 1025 1393 ἑκάστην
1040 1321 1085 1380 καί
1100 1321 1263 1399 στρατηγοὺς
1274 1327 1431 1402 χειροτονεῖν
1443 1324 1469 1393 ἐξ
1484 1327 1618 1397 ἁπάντων,
1635 1330 1681 1388 καί

908 1406 968 1466 καθ’
982 1407 1096 1481 ἑκάστην
1122 1408 1278 1488 πρυτανείαν
1302 1413 1436 1489 ἐπερωτᾶν
1461 1416 1484 1471 sl
1503 1414 1574 1473 δοκεῖ
1593 1417 1681 1484 καλῶς

909 1493 1000 1574 άρχειν
1014 1494 1139 1572 ἕκαστος,
1151 1496 1196 1555 τὸν
1212 1497 1235 1554 δ’
1253 1498 1520 1577 άπαχειροτυνηθίντα
1540 1502 1681 1582 κρίνουσιν,

908 1581 953 1642 καὶ
977 1583 1126 1662 ἱτιπάρχους
1139 1583 1185 1643 δύο
1200 1582 1248 1642 καλ
1262 1584 1409 1664 φυλάρχους
1422 1587 1486 1646 δίκα
1505 1589 1551 1646 καί
1564 1588 1679 1672 ταξιάρ-

908 1692 972 1750 χους
987 1670 1061 1733 δίκα.
1079 1672 1132 1733 Καὶ
1147 1674 1220 1751 κοινῇ
1238 1670 1286 1748 μίν
1300 1677 1396 1734 ταῦτα.

949 1758 1016 1818 itaec
1029 1758 1144 1835 omnia,
1157 1773 1188 1816 ut
1211 1760 1302 1818 multa
1315 1773 1457 1837 praterea·
1473 1762 1549 1840 apud
1573 1763 1679 1824 Pollu-

909 1865 971 1906 cem
982 1893 998 1920 ,,
1008 1847 1039 1905 in
1064 1860 1168 1904 oetavo
1188 1846 1298 1905 seilicet
1321 1847 1499 1908 Onomastiei
1524 1849 1617 1927 libro,
1644 1873 1679 1912 ex

909 1935 1075 1995 Aristotelis
1107 1933 1267 2014 Republica
1290 1935 1509 1997 Atheniensium
1542 1941 1634 2017 petita
1652 1956 1679 2000 et
1762 1949 1767 1964 ⁴

907 2022 939 2080 in
969 2022 1089 2082 brevius
1117 2035 1264 2081 contracta
1301 2043 1363 2082 esse
1392 2024 1566 2102 jamdudum
1594 2029 1679 2088 vide·

908 2123 976 2168 runt
989 2110 1050 2169 viri
1072 2109 1163 2182 docti,
1190 2122 1277 2187 atque
1298 2111 1451 2171 manifesto
1472 2112 1602 2191 probant
1615 2136 1678 2194 qnae

905 2193 966 2272 jam
1009 2209 1168 2273 sequentur
1202 2197 1361 2273 fragmenta
1388 2197 1425 2256 de
1459 2199 1678 2275 magistratuum
1725 2235 1729 2245 ·

909 2282 986 2361 apud
1009 2283 1198 2342 Athenienses
1213 2284 1402 2357 muneribus,
1426 2288 1587 2364 praesertim
1609 2309 1679 2348 vero

907 2370 985 2448 quod
1000 2389 1038 2429 ex
1057 2373 1160 2429 eodem
1182 2371 1341 2430 Aristotele
1354 2386 1500 2432 serratum
1515 2389 1559 2434 est
1576 2397 1678 2435 excer-

908 2471 988 2537 ptum
1005 2457 1169 2516 lleraelislis
1191 2480 1217 2527 r,
1236 2478 1268 2516 rr
1288 2479 1295 2516 :
1317 2456 1378 2518 ittet
1391 2458 1418 2520 δὲ
1434 2462 1480 2517 καὶ
1495 2462 1568 2522 testa
1586 2445 1679 2542 ἄρχον-

908 2569 951 2613 τες
975 2545 1152 2623 θεσμοθετικοὶ
1173 2543 1200 2604 ol
1213 2545 1411 2622 δοκιμασθίντες
1427 2547 1551 2624 θμνιίυυσι
1574 2549 1680 2617 δικαίως

909 2634 992 2715 άρξειν
1010 2633 1055 2692 καὶ
1077 2635 1149 2711 δῶρα
1163 2631 1201 2709 μὴ
1220 2633 1349 2713 λήψεσθαι
1369 2633 1542 2714 ἣάνδριάντα
1564 2645 1678 2717 χρυσοῦν

909 2720 1063 2794 ἀναθήσειν,
1090 2721 1141 2779 ubi
1164 2740 1230 2778 cum
1254 2723 1390 2796 Bergkio,
1416 2726 1517 2781 iiheiu.
1541 2729 1617 2786 Mus.
1646 2749 1676 2787 α.

907 2813 942 2868 F.
966 2807 1050 2879 1858,
1064 2829 1094 2883 p.
1112 2809 1170 2878 478
1184 2826 1239 2885 pro
1252 2805 1376 2885 ἄρχοντες
1391 2811 1586 2890 θεσμοθετικοί,
1605 2815 1677 2872 seri·

910 2897 1037 2956 bendum
1053 2908 1095 2953 est
1109 2892 1232 2973 ἄρχοντες
1245 2893 1271 2952 ol
1285 2893 1332 2953 καὶ
1344 2896 1510 2974 θεσμοθέται.

1201 3067 1237 3132 ις
1260 3064 1365 3144 (eoa).

943 3213 1155 3296 Harpocration
1167 3234 1190 3274 s.
1204 3232 1251 3275 r.:
1266 3212 1483 3293 Θεαμυθίται
1493 3260 1537 3280 ....
1548 3217 1629 3299 ’Appi
1640 3218 1679 3287 τίς
1758 3245 1763 3255 ·

904 3308 978 3366 iores
999 3303 1139 3376 Ἀθήνησιν
1158 3307 1177 3374 ἡ
1201 3306 1253 3362 τῶν
1271 3307 1434 3382 θεσμοθετῶν
1454 3305 1481 3373 ἒξ
1500 3306 1545 3366 τθν
1566 3308 1676 3387 ἀριθμὸν

904 3394 995 3454 ὄντων·
1013 3393 1064 3452 eloi
1079 3390 1107 3451 ll
1122 3393 1153 3451 tx
1163 3393 1215 3450 τῶν
1228 3388 1397 3470 ιῖαλουμίνων
1413 3393 1595 3473 θ’άρχόντευν.
1614 3399 1677 3457 Κα-

900 3575 949 3624 ιηυε
971 3558 1139 3624 generatione,
1155 3561 1181 3609 et
1201 3573 1231 3610 es
1250 3557 1342 3620 quihus
1364 3558 1445 3610 tiernis
1464 3560 1562 3611 oriundi
1583 3583 1589 3610 :
1612 3577 1673 3612 nuru

900 3647 984 3712 Apollo
995 3647 1056 3711 ipsis
1068 3647 1210 3710 attentius,
1219 3649 1245 3697 et
1256 3646 1353 3709 Jupiter
1362 3647 1465 3698 herosta
1480 3663 1557 3699 :nam
1565 3653 1679 3713 parenetes

900 3736 962 3787 hene
982 3735 1104 3793 tractent,
1127 3748 1186 3784 num
1210 3747 1255 3797 pro
1278 3733 1356 3797 patria
1383 3748 1451 3785 arma
1473 3735 1587 3795 tulerint,
1617 3750 1675 3785 num

901 3835 1003 3874 censum
1017 3819 1132 3871 habeant.
1152 3820 1320 3885 interrogabat
1339 3824 1425 3873 autern
1438 3826 1558 3874 senates:
1576 3824 1603 3872 hi
1619 3837 1677 3874 tero

899 3909 1013 3971 jumhant
1026 3907 1093 3971 sputi
1114 3908 1237 3970 porticum
1259 3907 1367 3972 regiam,
1389 3923 1446 3972 qnae
1461 3912 1500 3960 est
1516 3909 1627 3973 lapidea,
1649 3923 1677 3961 se

900 3996 966 4061 leges
977 3995 1150 4045 observaturos
1160 3997 1186 4044 et
1195 4007 1296 4044 munera
1305 4008 1354 4044 non
1363 3998 1515 4060 accepturos,
1525 4000 1568 4045 aut
1577 4009 1676 4047 auream

902 4084 1009 4134 sutum
1020 4081 1206 4145 persoluturos:
1225 4080 1313 4132 deinde
1324 4081 1351 4131 in
1365 4082 1497 4146 seropolim
1511 4083 1622 4146 preteeti,
1632 4099 1675 4134 ea·

902 4170 958 4222 dem
968 4169 1092 4234 jurabant.
1109 4171 1189 4231 ityrto
1200 4170 1284 4218 autem
1295 4169 1473 4220 eoronsbsntur
1483 4173 1508 4222 et
1516 4171 1683 4236 emuniter.

901 4257 989 4309 mortis
1004 4251 1152 4322 potetatem
1172 4255 1281 4317 hahent,
1296 4256 1317 4306 si
1331 4257 1403 4320 quis.
1421 4271 1471 4321 quo
1483 4273 1533 4309 non
1549 4257 1622 4320 lieet,
1636 4258 1676 4310 ‹le-

898 4347 1013 4407 srendstt
1024 4345 1119 4408 indices
1131 4345 1221 4405 sortiri,
1233 4347 1259 4396 et
1270 4346 1376 4396 arhitros
1388 4361 1466 4396 unum
1477 4347 1615 4400 etrihnhus
1625 4349 1674 4400 sin·

901 4431 980 4496 gulis,
993 4431 1156 4496 imperatores
1182 4430 1272 4496 eligere
1293 4445 1324 4481 ex
1341 4432 1465 4493 omnihus,
1490 4437 1517 4484 et
1540 4432 1675 4485 seeundum

902 4519 1013 4586 singulas
1023 4519 1291 4585 prytanissinquirere‚
1304 4533 1364 4570 num
1379 4520 1539 4584 singuiihene
1555 4521 1674 4586 imperare

902 4607 1035 4659 ririesntnr
1048 4610 1074 4658 et
1094 4607 1217 4672 mttmgiis
1233 4608 1326 4658 eirinm
1345 4607 1533 4659 oondemnstum
1547 4609 1674 4672 judicant,

902 4697 977 4758 atque
988 4694 1135 4760 hipparchos
1148 4694 1211 4744 duos
1230 4700 1257 4746 et
1269 4694 1419 4760 phylarchos
1434 4695 1519 4747 desem
1538 4699 1564 4748 et
1581 4698 1672 4748 taxiar·
1698 4714 1700 4718 ·

899 4781 958 4832 ehos
970 4781 1072 4845 (ierem,
1081 4784 1107 4832 et
1119 4780 1174 4832 hae
1187 4781 1288 4845 quidem
1307 4783 1410 4846 publice.

1273 4894 1309 4940 ³4.

933 5007 1132 5071 Thesmothette‚
1156 4978 1339 5061 Atheniensium
1365 5012 1541 5076 magistratus,
1569 5028 1672 5066 numero

53 5103 81 5151 et
98 5097 226 5164 quendam
243 5093 464 5147 thesmothetsrum
486 5093 610 5145 discussio
633 5094 765 5159 appellata,
787 5110 846 5146 num
901 5099 1177 5161 erantsex,exnorem
1200 5097 1369 5159 arehontihus‘,
1388 5113 1453 5163 quos
1468 5100 1562 5152 tticum.
1576 5105 1669 5154 Nomen

53 5188 160 5240 scilieet
177 5197 210 5236 ex
226 5183 441 5247 utroqueparente
454 5181 614 5234 Athenienses
625 5181 702 5233 sinta
719 5183 791 5234 tertia
805 5197 843 5234 us-
900 5183 958 5236 inde
971 5184 1058 5237 datum
1070 5189 1125 5248 est,
1145 5185 1213 5250 quoti
1234 5187 1315 5252 legum
1335 5201 1419 5240 euram
1441 5187 1565 5240 habehant
1587 5209 1594 5239 ι
1617 5203 1672 5238 nam
