4134 6134
804 430 969 493 DillLOGl.
1655 436 1707 502 53'

85 565 198 648 ὁρμονίῳ
212 565 260 643 μέν
272 563 435 645 ἀναρμοστία
448 562 573 635 έναντίον,
582 566 655 644 ψυχη
673 562 699 622 δέ
710 561 782 622 οὑδέν
793 564 862 622 ίστιν

85 653 262 727 ἰναντίον,οιἰα
275 651 345 711 έστιν
360 655 376 723 ἡ
391 650 465 732 ψυχὴ
479 651 610 731 ὁρμονία,
623 653 658 717 ὡς
673 649 788 710 Πλάτων
803 652 864 708 ἀπε·

85 740 208 822 χείρηστν
223 743 248 799 έν
263 743 301 819 τῷ
314 738 447 799 Φαίδωνι.

409 897 534 975 9-(7t·)

125 1055 293 1133 Simplicius
308 1053 339 1112 in
355 1053 441 1113 Arist.
456 1053 492 1110 de
503 1051 619 1124 Anima,
631 1052 652 1112 l.
667 1050 721 1128 ΠΙ,
737 1052 787 1109 tot.
800 1053 838 1109 62
853 1073 860 1108 τ

86 1141 120 1202 Ὁ
133 1142 181 1218 μὲν
190 1131 234 1200 οὑν
248 1139 361 1202 Πλάτων
375 1139 421 1199 καί
435 1137 479 1198 tui
497 1138 601 1198 πάντων
617 1138 704 1198 είωθεν
717 1137 864 1216 ὁμωνύμως

85 1232 118 1292 τά
131 1254 160 1290 τι
172 1229 229 1303 εἴδη
245 1231 291 1290 καί
310 1229 344 1288 τά
356 1228 416 1289 κατ’
433 1228 500 1288 αὑτά
515 1229 714 1304 είδοποιοὺμενα
729 1249 862 1306 προσαγσ·

87 1319 177 1400 ρεύειν.
193 1318 228 1380 ‘0
243 1316 270 1378 δέ
284 1317 462 1398 Ἀριστοτέλης
476 1317 538 1375 ὁταν
549 1314 596 1394 μέν
612 1315 736 1395 μεριστὸν
752 1315 782 1375 τδ
796 1315 864 1373 είδο-

85 1409 239 1484 ποιοὺμενσν
262 1397 294 1486 ᾖ,
318 1406 478 1486 φυλάττεται
496 1405 545 1477 τὴν
575 1404 729 1482 ὁμωνυμίαν
749 1402 792 1462 διδι
814 1403 864 1476 τὴν

85 1497 183 1568 πολλὴν
197 1502 244 1555 τοῦ
258 1499 383 1574 μεριστοῦ
397 1493 462 1573 πρδς
476 1493 506 1554 τδ
518 1485 584 1560 εἶδος
604 1491 746 1572 ἀμέριστον
759 1489 789 1550 δν
800 1491 866 1549 άπά-

85 1607 187 1642 στασιν·
199 1583 247 1654 τὴν
260 1584 287 1641 δέ
298 1582 406 1660 λογικὴν
422 1581 511 1664 ψυχὴν
523 1585 559 1649 ὑις
571 1580 609 1660 μὴ
625 1581 703 1660 μόνον
715 1579 866 1657 ὁριζομένην

86 1671 154 1730 ἀλλά
162 1673 208 1732 καί
218 1671 276 1750 ὁρον
289 1661 378 1731 οὖσαν·
390 1671 487 1748 μεταξὺ
500 1670 552 1752 γάρ
561 1675 597 1737 ὑις
609 1675 653 1730 τοὺ
670 1667 812 1751 ἀμερίστου
822 1667 867 1728 καί

85 1764 210 1839 μεριστοῦ
225 1759 306 1840 άμρω
319 1781 375 1825 παις
388 1749 471 1832 οὑσα,
485 1758 555 1818 οὑτω
569 1759 674 1818 καὶτοῦ
689 1757 750 1837 θρου
762 1757 808 1816 καὶ
821 1761 867 1815 τοῦ

83 1846 233 1928 ὁριζομένου
248 1846 395 1926 ἀμράτερον
409 1844 588 1926 έμραίνουσα,
606 1845 635 1906 τδ
652 1845 699 1924 μέν
713 1847 749 1912 ὡς
763 1845 867 1903 ἀνελιτ-

82 1935 180 2012 τομένη
192 1982 199 2009 ,
211 1935 242 1994 τδ
265 1934 291 1994 δέ
303 1934 347 1994 διὸ
361 1933 409 2006 τὴν
422 1934 463 1993 ἀεὶ
475 1933 545 1994 κατά
563 1934 637 2014 ὅρους
652 1932 799 2010 μετάδοσιν
821 1932 867 1992 ααί

82 2023 127 2082 διδι
142 2024 256 2094 τὴντῶν
279 2023 464 2102 ἀνειλιγμένων
480 2023 586 2082 πάντων
598 2026 634 2090 είς
647 2021 676 2082 έν
691 2023 746 2104 (ita
760 2023 866 2082 Rosius

83 2133 139 2190 pto
149 2109 191 2192 δν)
204 2113 356 2190 συναγωγὴν
368 2115 403 2178 u<
412 2109 593 2193 παρισουμένη
607 2111 753 2189 {cutuexit
760 2111 867 2170 Rosius

82 2221 139 2276 pro
163 2199 370 2278 παρισουμένηνί
385 2201 424 2278 τῷ
434 2198 545 2280 ὁρίζοντι
556 2203 602 2278 νῷ.
612 2196 667 2258 Καί
680 2195 723 2258 ut
731 2203 809 2258 τοῦτο
820 2197 866 2257 καί

81 2289 108 2344 έν
124 2289 163 2366 τῷ
174 2285 412 2366 Εὑδὴμῳδιαλόγῳ
424 2275 523 2353 εὸδάςτι
536 2285 710 2366 ἀποφαίνεται
721 2285 769 2357 τὴν
778 2284 865 2366 ψυχὴν

81 2365 166 2452 εἶναι,
176 2373 221 2434 καί
239 2377 266 2432 έν
278 2372 377 2441 τούτοις
390 2377 492 2434 ἐπαινεῖ
507 2376 566 2441 τοὺς
578 2379 631 2434 τῶν
644 2377 720 2434 ellim
736 2377 859 2444 δεκτικὴν

82 2465 206 2544 λέγοντας
220 2463 268 2533 τὴν
283 2461 388 2542 ψυχὴν,
401 2465 451 2544 οὐχ
461 2463 525 2536 ὅλην
543 2461 611 2521 ἀλλά
626 2459 673 2534 τὴν
691 2459 814 2535 νσητιαὴν
827 2466 862 2530 ὡς

80 2559 133 2612 τῶν
155 2555 260 2624 ἀληθῶν
281 2552 404 2632 δευτέρως
422 2553 497 2612 εἰδῶν
517 2551 676 2630 γνωστικὴν·
693 2553 732 2634 τῷ
744 2551 795 2634 γάρ
815 2556 862 2623 τῆς

81 2645 168 2722 ψυχῆς
182 2641 309 2720 κρείττονι
319 2643 357 2721 νῷ
368 2638 402 2698 rt
417 2641 502 2713 ἀληθῆ
519 2638 575 2713 σίδη
590 2639 730 2720 σύστοιχα.
833 2677 836 2683 -

401 2818 446 2854 ¹0·
464 2795 542 2872 (εὑ)

123 2955 271 3014 Plutarch.
284 2953 320 3010 de
328 2952 438 3011 Πεισίου
452 2973 478 3012 c.
495 2971 531 3007 αα
548 2971 554 3006 :
568 2949 741 3028 Δεδειγμένου
755 2951 783 3008 δέ
797 2951 864 3010 θτιὺ

81 3041 201 3101 Πλάτων
211 3039 263 3098 οὔτ’
274 3039 365 3119 ἀγνσίγ
374 3037 429 3096 οὔτ’
438 3037 544 3117 ἀπειρίη
555 3034 590 3096 τὰ
601 3037 669 3096 ἀλλα
681 3037 865 3119 παρῃτὴσατο,

80 3129 143 3185 ἀλλ’
152 3131 187 3194 ὑνς
200 3130 229 3186 οὑ
241 3129 374 3210 πρέποντα
384 3123 492 3204 τοιαύτη
501 3123 631 3204 πολιτείᾳ,
638 3121 754 3202 δείξομεν
763 3121 819 3195 έζῆς
825 3123 865 3184 ὁτι

80 3215 209 3295 έμπειρος
221 3214 347 3295 ὁρμσνέας
357 3207 449 3287 ἡν.Ἐν
458 3218 520 3292 γοῦν
533 3217 566 3292 τῇ
581 3213 727 3293 ψυχογονίρ
738 3217 772 3293 τῇ
784 3214 811 3272 έν
823 3217 862 3292 τῷ

79 3304 239 3382 Τιμαίῳ)
257 3300 301 3362 td.
320 3324 344 3361 c.
358 3303 395 3360 23
412 3323 418 3359 ι
434 3299 499 3361 Ὀτι
512 3299 540 3360 δέ
556 3300 638 3378 σεμνὴ
653 3303 671 3372 ἡ
691 3299 804 3379 ἀρμσνίοι
818 3301 864 3360 καὶ

80 3391 150 3450 θεὶάν
173 3415 198 3450 τι
212 3391 258 3450 καί
273 3391 341 3468 μέγα
357 3389 381 3449 Ἀ
392 3387 613 3470 ριστοτέληςὸ
631 3389 773 3456 Πλάτωνος
788 3389 863 3449 ταυτί

79 3479 164 3557 λέγει·
180 3478 237 3538 ιἭ
250 3477 277 3536 δὲ
287 3477 402 3557 ὁρμονία
415 3476 485 3536 ἐστίν
498 3474 606 3558 οὐρανία
615 3476 664 3548 τὴν
675 3476 751 3556 φύσιν
764 3476 862 3558 ίχουσα

80 3569 154 3625 θείαν
177 3567 223 3626 καί
245 3566 330 3638 καλὴν
358 3566 404 3625 καί
419 3563 568 3642 δαιμονίαν·
591 3565 752 3646 τετραμερὴς
777 3565 804 3624 δέ
828 3569 863 3636 τῆ

80 3767 147 3801 mam
164 3765 242 3816 neque
255 3751 326 3801 uimls
342 3765 416 3815 prope
433 3763 511 3814 neque
527 3751 611 3813 ρτοουί
628 3763 642 3799 ε
661 3750 761 3801 veritate
772 3749 863 3799 ubease

80 3841 204 3902 videntur,
218 3840 281 3903 quud
293 3843 317 3890 et
328 3853 358 3890 ex
369 3839 399 3889 iia
414 3851 470 3902 qum
484 3851 548 3888 nuuc
561 3838 624 3888 dictu
638 3841 695 3889 aunt
708 3839 732 3890 el
743 3851 799 3901 quae
808 3838 863 3886 uitta

80 3929 142 3977 touta
153 3928 266 3978 dicuntur
278 3931 386 3992 apparet.

459 4075 482 4120 9.

114 4205 169 4265 ipse
182 4201 278 4265 quidem
291 4201 359 4252 Plato
370 4203 394 4252 in
404 4203 515 4253 omnibus
527 4201 599 4252 etiam
610 4203 735 4252 consuevit
747 4203 799 4252 tum
812 4202 861 4252 ior·

78 4303 150 4352 mus,
163 4293 215 4340 tum
226 4303 282 4354 que
293 4303 335 4354 per
352 4291 417 4354 ipsas
435 4291 568 4340 formantur
587 4290 711 4353 aequivoce
729 4290 858 4354 appeltam.

78 4381 224 4432 Aristoteles
242 4381 321 4430 autem
339 4380 436 4443 quaudo
449 4381 578 4429 formatum
598 4379 631 4429 sit
646 4378 780 4440 divisibile,
803 4382 863 4428 vitat

78 4468 276 4532 ωηιιίνοοίίειειιι
293 4466 366 4530 idque
383 4468 477 4516 ratione
490 4481 584 4530 magnae
599 4467 720 4518 distantiae
736 4467 862 4541 divieibitis

78 4557 158 4620 ipsius
176 4555 206 4605 ad
226 4555 342 4617 turmam,
358 4567 413 4617 quoe
431 4553 581 4604 tnutvtubtus
595 4557 641 4605 est.
659 4553 788 4604 Rationalis
804 4568 862 4604 uem

78 4646 163 4696 anima
177 4658 224 4694 non
239 4646 332 4693 tantum
353 4644 391 4693 eu
409 4641 580 4700 determinata,
597 4641 639 4691 sed
658 4641 730 4691 etiam
744 4642 862 4692 terminus

79 4734 127 4782 est.
140 4735 201 4782 Nam
216 4744 291 4794 mmm
304 4730 328 4779 in
341 4728 423 4778 medio
436 4727 562 4778 divisibilis
572 4730 597 4778 et
605 4726 754 4777 indivisibilis
767 4729 799 4778 eit
813 4727 862 4777 col·

79 4822 172 4880 locata,
184 4822 208 4869 et
217 4817 396 4883 quodammodo
410 4815 440 4866 ait
455 4819 569 4879 utraque,
584 4813 618 4864 sic
629 4818 757 4878 utramque
769 4818 860 4879 partem

919 561 1028 640 δυνάμει
1037 567 1178 646 περυκυῖα,
1189 565 1235 625 δύο
1245 564 1392 642 μεσότητας
1405 565 1471 647 έχει,
1481 569 1657 646 ἀριθμητικήν
1670 597 1699 631 τε

918 650 963 709 καί
988 651 1141 732 ὑρμονυιὴν·
1165 651 1285 733 μαίνεταί
1298 677 1327 713 τε
1348 653 1382 712 τὸ
1403 656 1471 735 μέρη
1491 656 1573 728 adri<
1595 657 1642 716 ααὸ
1664 659 1697 718 τθ

919 738 1016 818 μεγέθη
1033 741 1080 800 καί
1092 743 1120 800 ui
1131 742 1258 821 ὑπεροχαὶ
1272 745 1332 800 κατ’
1347 742 1458 820 ἀριθμὸν
1473 743 1518 802 καί
1533 745 1697 824 ἰσομετρίαν·

917 831 944 888 έν
956 829 1008 908 γὸρ
1023 829 1082 888 δυσί
1093 830 1275 910 τετραχόρδοις
1285 831 1435 929 ῥυθμίζεται
1448 833 1482 892 al
1492 833 1570 907 μέλη.
1583 839 1701 896 »Ταῦτα

918 915 967 994 μέν
981 916 1015 976 τίι
1029 915 1105 996 ῥητά.
1119 916 1284 978 Συνεστάναι
1301 921 1324 976 δ’
1335 923 1416 992 αὐτῆς
1429 921 1461 981 τδ
1475 924 1553 998 σῶμα
1568 921 1655 1001 έλεγεν
1669 926 1699 983 ἐκ

918 1007 1003 1084 μερῶν
1018 1005 1162 1084 ἀνομοίων,
1179 1007 1387 1088 συμφωνούντων
1400 1008 1489 1085 μέντοι
1505 1009 1570 1094 πρδς
1584 1011 1697 1084 ἄλληλα.

919 1089 998 1152 ’Alit
1011 1092 1064 1171 μὴν
1076 1094 1123 1154 καί
1131 1093 1180 1163 τὸς
1194 1094 1342 1173 μεσότητας
1353 1100 1434 1169 αὑτῆς
1447 1099 1516 1160 αατὸ
1529 1100 1574 1160 τὸν
1588 1101 1701 1180 ἀριθμη-

917 1181 989 1240 τιαδν
1001 1181 1078 1260 λέγον
1090 1190 1249 1263 συμφωνεῖν·
1259 1183 1302 1244 τδν
1313 1185 1363 1264 γὸρ
1373 1189 1464 1245 νέατον
1472 1187 1536 1268 πρὸς
1546 1187 1591 1247 τὸν
1601 1187 1700 1249 ὑπατσν

919 1269 950 1328 lx
963 1268 1104 1330 διπλασίου
1117 1272 1196 1349 λόγου
1210 1274 1388 1350 ἡρμοσμένον,
1402 1273 1451 1347 τὴν
1466 1275 1509 1334 διδ
1523 1280 1617 1336 πασῶν
1631 1299 1700 1354 συμ-

919 1358 1017 1439 ρωνίαν
1025 1361 1171 1421 ἀποτελεῖν.
1180 1359 1369 1442 Ἔχειγὸρ,ὑις
1377 1363 1600 1443 προείπομεν,τδν
1609 1366 1702 1426 νέατον

921 1445 1023 1505 δώδεκα
1038 1447 1170 1524 μονάδων,
1182 1448 1225 1507 τὸν
1240 1448 1269 1507 δέ
1282 1449 1383 1508 ὑπατον
1396 1449 1433 1525 έζ,
1443 1451 1491 1524 τὴν
1503 1453 1530 1512 δέ·
1540 1453 1700 1535 παραμέσην

922 1540 1113 1618 συμρωνσὺσαν
1131 1536 1197 1616 πρδς
1209 1536 1313 1609 ὑπάτην
1327 1540 1386 1596 καθ’
1401 1537 1524 1615 ἡμιόλιον
1535 1541 1612 1619 λόγον
1626 1542 1700 1602 ἐννέα

924 1624 1060 1702 μονάδων,
1070 1629 1117 1696 τῆς
1130 1625 1157 1684 δέ
1174 1624 1257 1700 μέσης
1271 1624 1340 1686 ὀκτὼ
1352 1618 1419 1687 εἶναι
1433 1627 1550 1704 μονάδας
1563 1631 1696 1710 έλέγομεν.

923 1715 1082 1792 Συγκείσθαι
1094 1713 1122 1773 δέ
1136 1715 1178 1774 διδ
1189 1716 1289 1775 τούτων
1303 1719 1349 1786 τῆς
1367 1721 1495 1792 μουσικῆς
1503 1713 1536 1775 τθι
1550 1718 1700 1798 κυριώτατα

922 1800 1090 1878 διαστήματα
1105 1801 1255 1879 συμάαίνει,
1268 1802 1333 1862 τὸδέ
1349 1803 1701 1886 διδτεσσάρωνὸέστιαατά

921 1889 964 1947 τὸν
985 1890 1115 1968 ὁπίτριτον
1142 1887 1236 1966 λόγον,
1260 1891 1349 1950 καὶτὸ
1370 1888 1412 1949 td
1436 1890 1516 1951 πέντε
1532 1890 1618 1953 θίστι
1632 1895 1700 1955 κατὰ

922 1973 965 2032 τδν
977 1973 1098 2052 ἡμιολιον
1120 1975 1214 2056 λέγον,
1230 1979 1276 2037 καί
1298 1979 1329 2037 τ“ο
1343 1977 1387 2038 διά
1403 1984 1496 2040 πασῶν
1514 1978 1531 2039 ὁ
1551 1982 1608 2040 έστι
1631 1983 1699 2041 αατὺ

922 2063 966 2121 τὸν
984 2064 1135 2126 διπλάσιον.
1151 2065 1232 2126 'ituit
1242 2067 1294 2148 γὸρ
1307 2067 1352 2127 καί
1360 2069 1406 2129 τδν
1421 2067 1544 2146 ίπάγδσον
1559 2070 1699 2147 σώζεσθαι,

921 2151 949 2218 ὅς
962 2154 1017 2211 ἐστι
1029 2153 1098 2210 τιατά
1110 2153 1154 2211 τδν
1164 2161 1277 2213 τονιαῖον
1290 2154 1376 2236 λέγον.
1388 2158 1456 2222 Ταῖς
1465 2157 1558 2223 αὑταῖς
1571 2160 1595 2217 δ’
1609 2162 1701 2238 ὑπερο·

920 2241 980 2319 χαῖς
996 2241 1133 2319 ὑπερέχειν
1142 2243 1187 2300 καί
1203 2241 1379 2322 ὑπερέχεσθαι
1389 2248 1436 2316 τῆς
1448 2242 1575 2323 ἁρμονίας
1587 2246 1621 2305 τίι
1632 2249 1699 2326 μέρη

920 2329 1029 2388 ὑπδτΐὺν
1044 2333 1130 2409 μερῶν
1140 2329 1186 2388 καί
1196 2329 1242 2398 τὸις
1252 2331 1400 2407 μεσότητας
1409 2333 1460 2391 ὑπὸ
1469 2333 1522 2392 τῶν
1533 2334 1699 2413 μεσοτήτων,

919 2416 1029 2476 κατάτε
1053 2417 1101 2488 τὴν
1126 2419 1152 2475 έν
1174 2420 1294 2498 ἀριθμοῖς
1315 2419 1465 2500 ὑπεροχὴν,
1493 2421 1539 2480 καί
1561 2421 1632 2489 κατὰ
1652 2421 1701 2494 τὴν

918 2504 1098 2587 γεωμετρικὴν
1105 2507 1217 2584 δύναμιν
1229 2507 1382 2586 συμὺαίνει.
1391 2507 1610 2589 Ἀποραίνειγοὺν
1620 2510 1701 2576 αὑτὰς

919 2595 1155 2677 Ἀριστοτέλης
1173 2597 1221 2664 τάς
1235 2597 1357 2674 δυνάμεις
1371 2596 1483 2678 έχοὺσας
1496 2599 1635 2673 τοιαύτας,
1650 2600 1699 2673 τὴν

919 2685 967 2762 μέν
982 2683 1077 2756 νεάτην
1092 2689 1139 2754 τῆς
1153 2685 1236 2760 μέσης
1248 2688 1289 2765 τῷ
1299 2686 1381 2766 τρίτῳ
1393 2685 1468 2768 μέρει
1482 2689 1521 2766 τῷ
1531 2687 1612 2759 αὑτῆς
1625 2691 1702 2766 ὑπερ·

919 2772 1051 2853 έχουσαν,
1067 2772 1114 2844 τὴν
1137 2773 1164 2832 δέ
1179 2772 1282 2845 ὑπάτην
1301 2773 1353 2833 ὁπδ
1367 2777 1415 2844 τῆς
1428 2773 1586 2852 παραμέσης
1607 2777 1699 2855 ὑπερε-

918 2860 1034 2938 χομένην
1050 2859 1162 2935 ὁμοίοις,
1179 2863 1215 2928 ὑις
1228 2859 1349 2938 γίνεσθαι
1363 2859 1411 2927 τὰς
1425 2862 1557 2941 ὑπεροχάς
1573 2865 1626 2920 τῶν
1637 2865 1702 2944 πρά(

918 2970 953 3005 τι·
964 2955 1018 3014 τοῖς
1026 2948 1078 3027 γάρ
1085 2951 1171 3014 αὐτοῖς
1178 2947 1284 3025 μέρεσιν
1291 2947 1449 3028 ὑπερέχουσι
1458 2949 1505 3007 καί
1517 2949 1699 3030 ὑπερέχονται,

919 3037 983 3102 Τοῖς
996 3040 1060 3114 γοῦν
1074 3037 1162 3103 αὑτοῖς
1173 3036 1259 3115 λέγοις
1271 3040 1297 3096 οί
1310 3036 1386 3118 έαρσι
1399 3041 1447 3107 τῆς
1454 3037 1537 3112 μέσης
1550 3037 1596 3096 καί
1608 3061 1699 3120 παρα-

921 3121 1003 3198 μέσης
1028 3122 1186 3202 ὑπερέχουσι
1215 3123 1261 3183 ααί
1289 3125 1477 3206 ὑπερέχονται,
1504 3127 1630 3209 ίπιτρίτῳ
1655 3132 1701 3188 καὶ

918 3210 1041 3292 ἡμιολίῳ.
1057 3206 1176 3282 Τοιαιίτη
1197 3208 1229 3282 δὴ
1245 3211 1362 3292 ὑπεροχὴ
1379 3215 1450 3272 luxu
1468 3217 1485 3285 ἡ
1509 3213 1649 3292 ἀρμονικὴ.
1665 3215 1698 3275 Ἡ

919 3298 946 3356 δέ
961 3301 1008 3372 τῆς
1028 3299 1123 3370 νεάτης
1142 3298 1259 3379 ὑπεροχὴ
1282 3299 1328 3360 καί
1341 3303 1390 3371 τῆς
1411 3299 1494 3378 μέσης
1510 3304 1570 3360 κατ’
1585 3304 1700 3382 ἀριθμη-

918 3386 990 3446 τυιδν
1014 3386 1093 3466 λέγον
1118 3387 1169 3468 ίσῳ
1186 3388 1261 3467 μέρει
1285 3391 1332 3456 τὸς
1357 3387 1489 3470 ὑπεροχάς
1509 3389 1698 3472 έμραίνουσιν,

918 3474 1046 3544 ὑπαίτιος
1071 3476 1117 3536 καί
1148 3481 1165 3548 ἡ
1192 3475 1337 3556 παραμέση
1363 3481 1412 3550 τῆς
1439 3476 1551 3550 ὑπάτης·
1579 3485 1627 3552 τῆς
1648 3479 1700 3560 γὸρ

919 3564 1001 3642 μίσης
1021 3570 1040 3637 ἡ
1061 3565 1206 3645 παραμέση
1221 3566 1291 3626 αατά
1314 3565 1359 3626 τδν
1375 3564 1501 3646 έπέγδοον
1523 3568 1600 3647 λόγον
1619 3571 1701 3648 ὑπερ-

918 3749 963 3812 (de
982 3751 1087 3800 animae
1100 3763 1127 3800 νε
1139 3751 1288 3815 adscripto,
1302 3750 1415 3802 additur
1431 3755 1460 3802 iu
1472 3754 1522 3804 lat.
1536 3766 1603 3804 οεεε.
1614 3757 1699 3804 Euan-

917 3839 1012 3901 quum
1025 3839 1114 3901 Ιπειιμι·
1126 3840 1270 3901 Asculani,
1289 3839 1329 3890 ed.
1349 3840 1574 3902 Venediaffirmat
1595 3843 1698 3891 εαίιιιοιιι

917 3939 971 3978 ease
984 3928 1086 3978 tonnam
1101 3928 1221 3991 quandam
1233 3930 1259 3978 et
1272 3929 1296 3978 in
1306 3928 1354 3978 illis
1366 3929 1463 3993 quidem
1477 3929 1699 3991 commendatum,

916 4013 957 4077 qut
980 4013 1094 4064 dicebant
1111 4013 1215 4063 animam
1236 4027 1291 4064 σονσ
1311 4012 1444 4064 turmarum
1461 4012 1635 4078 susceptivam,
1651 4029 1699 4064 uon

917 4103 991 4166 tutam
1004 4100 1101 4164 quidem
1116 4101 1235 4161 mimam,
1254 4101 1297 4150 sed
1314 4101 1481 4152 intellectivam
1495 4103 1602 4161 tantum,
1617 4105 1700 4165 utpote

916 4192 1098 4253 cognoscentem
1111 4188 1200 4238 tonnas
1213 4202 1281 4238 veras
1293 4190 1400 4239 aeeuudo
1416 4188 1497 4240 modu.
1511 4191 1582 4241 Verte
1594 4204 1700 4254 namque

916 4278 1000 4328 forme
1014 4280 1071 4328 suut
1088 4277 1197 4338 eiusdem
1206 4275 1298 4326 unliuta
1310 4290 1366 4327 cum
1387 4277 1547 4342 praestantiori
1557 4279 1646 4332 anima
1658 4279 1697 4329 iu·

918 4365 1020 4415 tellectu

923 4545 926 4550 .
1286 4510 1325 4553 10.

947 4640 992 4689 sed
1021 4639 1202 4702 demunetmto,
1224 4641 1316 4691 Platoni
1345 4653 1423 4704 neque
1444 4640 1601 4708 ignerantiam
1617 4657 1697 4707 neque

916 4725 1057 4788 παρετίθετο
1072 4725 1097 4775 iu
1114 4738 1188 4776 causa
1201 4727 1275 4778 uuae
1284 4731 1312 4778 ut
1321 4727 1433 4791 quadam
1445 4728 1564 4792 rejiceret,
1574 4743 1659 4781 verum
1671 4733 1694 4780 id

915 4827 970 4863 eum
985 4813 1077 4875 recisse,
1097 4814 1153 4877 quia
1166 4814 1277 4864 ἱπὺεοοτε
1300 4829 1328 4865 ea
1342 4815 1479 4880 rupuutcae
1495 4816 1617 4879 iudicaret
1632 4831 1694 4878 ease,

78 4906 187 4958 ostendit
205 4909 256 4957 tum
276 4905 373 4956 termini
393 4907 444 4956 tum
465 4902 623 4954 determinati.
640 4902 747 4952 Attemm
765 4902 860 4967 quidem
912 4901 963 4962 Jam
974 4900 1434 4962 ιιιιιιοοσιαιθεαιυε,εοιπ1ιεεπισοθοσι
1446 4903 1479 4953 rei
1496 4902 1692 4966 μεείιυεαῐοίσνε.

79 4994 227 5056 ostendens,
241 4996 297 5058 quia
317 4995 445 5044 convoluta
463 4994 516 5052 est,
529 4991 630 5040 atterum
644 4993 724 5040 autem
739 4990 795 5053 quia
818 5004 861 5054 per
918 4991 944 5037 tn
965 4987 1100 5037 animorum
1119 4988 1188 5051 igitur
1208 4990 1371 5058 procreatione
1391 5003 1447 5054 qum
1470 4991 1494 5040 in
1516 4992 1610 5041 'rimmo
1627 4994 1693 5042 eet...

79 5085 197 5134 tenuium
214 5091 309 5148 semper
323 5081 463 5148 pertransit,
477 5082 620 5144 propterque
636 5078 822 5128 contractionem
834 5078 859 5128 iu
915 5077 953 5136 (C.
978 5076 1033 5138 23.)
1058 5076 1128 5134 Quod
1148 5080 1227 5127 autem
1249 5078 1373 5128 θετωοοίε
1391 5092 1430 5128 res
1447 5079 1479 5129 eit
1500 5078 1595 5140 divina,
1620 5091 1693 5132 ναιο·

80 5187 156 5222 unum
171 5174 279 5224 omnium
296 5172 495 5230 οσανοιυίοτοιιι,
510 5170 539 5218 ιιι
556 5179 611 5231 quae
627 5168 767 5230 adequetur
781 5168 860 5217 deter-
916 5163 997 5227 tanda,
1014 5178 1110 5228 magna,
1123 5166 1277 5229 miatoteiea,
1290 5167 1397 5218 Platonis
1408 5166 1549 5231 discipulus,
1559 5167 1597 5217 hia
1611 5167 1692 5218 verbis

79 5257 181 5308 mimmti
198 5257 334 5309 intellectui.
350 5260 428 5322 Atque
439 5257 494 5306 ideo
505 5255 529 5306 in
542 5255 650 5306 Eudemo
661 5267 757 5319 quoque
766 5255 859 5319 dialogo
915 5254 1084 5304 consumavit:
1097 5274 1110 5297 α
1125 5255 1303 5305 Harmoniam
1312 5259 1350 5306 eat
1365 5255 1483 5318 eulatia,
1501 5255 1600 5319 ejusque
1609 5259 1695 5305 natura
