4134 6134
483 787 504 825 u
555 846 560 853 1
688 795 691 816 1
969 801 971 806 ·
1036 765 1252 824 PRAEFATIO.

394 965 396 970 .
481 914 568 986 tem,
583 899 715 991 ingemi
728 896 833 994 plane
854 895 976 966 labore
991 909 1102 990 atque
1117 894 1299 988 diligentia
1316 895 1515 968 conlectam
1533 898 1568 967 in
1583 898 1657 967 suis
1671 897 1805 970 chartis

481 1021 675 1118 reliquerat
698 1020 985 1106 Bussemakerus,
1008 1019 1172 1116 quaedam
1184 1019 1342 1091 suoloco
1361 1017 1620 1118 praefahimur:
1642 1046 1740 1091 rrunc
1759 1022 1805 1093 de

481 1149 556 1244 ipsa
574 1146 854 1242 fragmentorum
871 1142 1028 1214 editione
1047 1141 1222 1230 dicemus,
1242 1144 1277 1213 in
1307 1141 1440 1239 quihus
1468 1143 1677 1240 colligendis
1704 1145 1805 1216 illus-

480 1269 660 1340 trandisve
675 1269 811 1339 nullam
829 1269 933 1365 plane
950 1291 1098 1364 operam
1115 1281 1285 1364 posuerat
1300 1266 1354 1337 vir
1370 1265 1610 1338 doctissimus.

530 1393 792 1490 Reputantibus
811 1392 916 1463 nohis
928 1393 1001 1462 sive
1020 1393 1272 1463 anctoritatem
1292 1393 1402 1490 ipsius
1414 1394 1616 1465 Aristotelis
1636 1397 1709 1465 sive
1721 1419 1806 1492 per-

480 1538 648 1608 magnum
664 1513 947 1608 fragmentorum
961 1535 1153 1581 numerum
1168 1535 1248 1607 quae
1262 1534 1282 1583 e
1295 1510 1491 1610 deperditis
1505 1511 1583 1607 ejus
1595 1510 1697 1582 libris
1708 1513 1807 1610 apud

481 1638 598 1707 varios
621 1641 812 1733 scriptores
839 1633 997 1731 dispersa
1019 1634 1206 1730 leguntur,
1229 1636 1351 1705 mirari
1372 1634 1535 1732 profecto
1561 1635 1704 1717 liceret,
1724 1650 1807 1706 ante

482 1761 575 1830 hanc
596 1776 754 1830 nostram
771 1773 924 1841 aetatem,
941 1782 1014 1828 non
1035 1757 1208 1852 majorem
1227 1782 1352 1829 curam
1370 1757 1416 1828 ad
1428 1781 1469 1828 ea
1483 1757 1685 1855 colligenda
1697 1773 1807 1855 atque

481 1883 703 1978 explananda
722 1881 921 1987 adhihitam
943 1905 1032 1968 esse,
1048 1882 1116 1951 nisi
1131 1881 1301 1951 omnihus
1316 1880 1402 1950 satis
1414 1895 1544 1950 notum
1560 1896 1665 1969 esset,
1682 1905 1806 1979 super-

481 2008 580 2078 stites
598 2031 744 2103 quoque
763 1983 1125 2103 philosophilibros,
1141 2028 1207 2102 per
1225 2009 1383 2075 duorum
1403 2005 1476 2076 fere
1496 2005 1709 2076 saeculorum
1727 2031 1806 2104 spa-

482 2133 587 2220 tium,
597 2131 678 2228 plus
687 2130 786 2224 justo
800 2130 980 2226 neglectos
992 2127 1088 2224 apud
1102 2127 1306 2225 philologos
1320 2127 1485 2223 jacuisse.
1504 2134 1699 2226 Postquam
1711 2129 1807 2200 enim

483 2255 599 2350 primo
620 2269 700 2350 post
720 2267 861 2322 renatas
880 2251 999 2322 literas
1018 2251 1161 2335 saeculo
1193 2251 1379 2322 Aristotele
1397 2251 1479 2349 plus
1504 2277 1614 2349 quarn
1635 2253 1807 2325 semibar-

458 2413 460 2420 ·
483 2375 572 2446 haro
582 2373 875 2446 scholasticorum
887 2374 1050 2472 expulso,
1063 2374 1139 2444 veri
1151 2387 1187 2444 et
1201 2375 1358 2469 germani
1369 2374 1577 2472 philosophi
1590 2377 1720 2475 scripta
1735 2379 1808 2448 sive

483 2523 594 2594 graece
608 2501 682 2569 sive
700 2499 735 2568 iu
758 2499 908 2568 latinum
921 2497 995 2592 jam
1009 2521 1211 2567 sermonem
1223 2522 1396 2568 conversa
1410 2497 1468 2571 edi
1482 2517 1685 2597 coeperunt,
1704 2500 1807 2572 multi

483 2623 529 2694 de
547 2621 601 2692 his
620 2621 746 2692 studiis
776 2623 912 2716 egregie
940 2643 1124 2710 meruere,
1145 2623 1239 2691 inter
1262 2645 1355 2716 qnos
1382 2623 1561 2720 praecipue
1578 2623 1807 2695 Theodorum

484 2752 631 2835 Gazam,
653 2745 909 2832 Bessarionem
928 2749 1073 2814 Petrum
1085 2743 1283 2815 victorium
1306 2769 1522 2816 memorasse
1537 2745 1702 2817 sufficiet.
1727 2749 1808 2817 Mox

485 2884 605 2940 tamen
619 2869 678 2938 hio
696 2867 803 2938 ardor
821 2865 1014 2954 deferbuit,
1036 2890 1154 2962 neque
1175 2865 1349 2937 antehoc
1373 2881 1538 2938 nostrum
1559 2869 1730 2939 saeculum
1751 2893 1809 2940 re-

483 2992 681 3088 dintegrata
715 3005 769 3062 est
795 2989 892 3088 apud
918 2989 1122 3087 philologos
1159 2987 1336 3060 librorum
1365 2989 1659 3062 Aristoteleorum
1685 2992 1805 3065 tectio.

485 3116 571 3187 inde
590 3115 724 3186 factum
743 3129 808 3201 est,
835 3128 886 3202 ut,
911 3113 994 3184 licet
1013 3113 1234 3184 laetissimum
1261 3129 1479 3209 proventum
1501 3115 1808 3187 Aristotelicorum

483 3240 560 3311 haec
575 3255 697 3311 nostra
717 3255 800 3310 aetas
827 3237 986 3310 attulerit
1001 3240 1097 3335 (post
1119 3239 1284 3309 Buhlium
1303 3240 1399 3310 enim
1422 3256 1457 3311 et
1483 3244 1527 3311 G.
1548 3241 1808 3314 Schneiderum

485 3369 659 3434 Saxonem
673 3361 883 3433 nominandi
899 3377 982 3432 suut
995 3362 1154 3451 Brundis,
1168 3369 1196 3434 1.
1216 3363 1364 3450 Behker,
1378 3363 1686 3462 Trendelenhurg,
1700 3369 1810 3463 Spen·
1847 3423 1851 3428 .

486 3486 554 3582 gel,
568 3488 704 3577 Bonita,
716 3486 867 3575 Thurot,
882 3492 1039 3575 Raasow,
1054 3486 1203 3576 Vahlen,
1217 3487 1426 3584 Tonstriclr),
1441 3487 1540 3560 haud
1554 3513 1676 3586 paucae
1690 3489 1810 3561 adhuc

487 3625 619 3682 restent
634 3610 848 3706 quaestiones
860 3607 906 3680 de
924 3609 1144 3708 philosopho
1163 3610 1313 3707 ejusque
1332 3613 1475 3709 scriptis
1488 3636 1568 3708 quae
1586 3611 1750 3683 nondum
1764 3613 1810 3683 ad

488 3733 663 3828 liquidum
679 3731 860 3830 perductae
879 3733 962 3802 sint.
986 3737 1108 3828 Neque
1127 3734 1199 3804 hoc
1217 3735 1349 3804 mirum
1368 3748 1435 3823 est,
1454 3759 1569 3830 quum
1585 3749 1639 3806 tot
1657 3736 1728 3807 sint
1749 3761 1808 3807 su·

490 3854 838 3956 perstitesStagiritae
871 3855 973 3944 libri,
1006 3861 1071 3952 qui
1100 3874 1246 3928 manum
1276 3846 1555 3928 emendatricem
1589 3875 1808 3954 exspectent,

487 3981 678 4078 plerosque
692 3980 789 4050 viros
802 3979 942 4070 doctos,
957 3982 1019 4076 qui
1035 3983 1071 4050 in
1088 3980 1143 4052 his
1155 3983 1283 4053 studiis
1296 3997 1424 4067 castra,
1442 3998 1482 4052 ut
1497 3985 1546 4054 ita
1562 3984 1694 4072 dicam,
1713 3983 1809 4054 loca-

486 4118 629 4192 verunt,
645 4103 681 4173 in
697 4102 765 4173 illis
783 4101 930 4173 edendis
943 4104 1240 4201 recensendisque
1254 4120 1464 4200 occupatos,
1481 4106 1526 4176 de
1539 4105 1809 4204 deperditorum

487 4226 662 4316 librprum
686 4226 845 4324 reliquiis
869 4229 987 4297 minus
1007 4228 1176 4299 sollicitos
1200 4227 1320 4299 fuisse.
1340 4233 1384 4298 tt
1402 4230 1431 4298 si
1450 4231 1549 4301 utilis
1567 4246 1620 4302 est
1646 4231 1808 4300 universa

487 4349 667 4445 diligentia
685 4351 814 4445 quaein
833 4349 1092 4448 componendis
1111 4365 1146 4420 et
1166 4351 1418 4422 coordinandis
1433 4350 1704 4450 deperditorum
1722 4346 1809 4448 ope'-

488 4497 569 4543 rum
599 4474 758 4568 reliquiis
783 4490 958 4560 versatur,
984 4475 1124 4545 nullum
1149 4500 1226 4544 esse
1252 4475 1414 4571 profecto
1435 4477 1471 4545 in
1494 4489 1568 4546 tota
1597 4473 1811 4569 antiquitate

489 4596 713 4693 scriptorem,
738 4595 783 4667 ad
806 4597 909 4692 cujus
935 4615 1137 4667 accuratam
1165 4598 1415 4697 sinceramque
1442 4600 1610 4669 notitiam
1628 4598 1739 4692 magis
1754 4620 1809 4666 re-

405 4774 408 4780 .
490 4719 591 4808 ferat,
606 4741 716 4815 quam
735 4721 975 4804 Aristotelem,
995 4716 1174 4813 affirmare
1212 4715 1358 4788 minime
1371 4720 1512 4793 dubito.
1544 4727 1669 4816 Neque
1693 4719 1808 4790 solum

481 4841 550 4915 ‘hic
578 4843 708 4939 loquor
729 4841 774 4912 de
796 4843 993 4918 incredibili
1019 4863 1121 4940 paene
1148 4842 1374 4916 voluminum
1407 4869 1560 4936 numero
1585 4860 1665 4940 quae
1693 4841 1738 4912 ah
1765 4865 1810 4910 eo
