4134 6134
768 358 922 422 SCRIPTA
944 359 1094 422 Lautus.
1671 365 1728 428 ιιι

132 490 315 556 Aristotelem
331 510 473 568 nusquam
488 491 630 567 legantur,
646 505 679 550 ut
702 491 842 571 pleraque
858 491 900 550 si·
955 492 1026 551 stica
1040 492 1133 570 (llhet.
1150 493 1189 563 ll,
1206 501 1255 562 oq,
1271 497 1320 568 ιο)
1335 494 1478 574 appellata
1488 513 1551 554 esse
1565 493 1679 572 volunt,
1690 495 1729 556 ab

132 581 213 644 milia
225 580 302 660 apud
316 578 434 638 Suidam
448 592 594 658 excerpta,
607 580 720 656 antiqui
735 581 834 658 potius
847 600 898 638 cu·
956 579 1003 638 his
1023 579 1197 640 Methodicis
1216 581 1277 657 jam
1298 581 1355 640 alia
1376 582 1508 660 quedam
1537 581 1729 642 discernenda

129 670 243 750 jusdam
268 667 503 726 commentatoris
525 669 616 725 verba
642 680 726 740 sunt,
752 669 903 728 manifesto
956 681 1123 746 erunt,quoe
1132 668 1243 728 scilicet
1257 669 1421 728 simulcum
1430 669 1551 749 Topicis
1565 669 1641 748 apud
1657 670 1728 728 Dio-

130 760 262 818 diuersos
286 755 355 814 lacit
374 753 606 814 hlethodicorunr
629 754 724 814 libros
758 756 903 832 Diogenes
956 773 1056 832 genem
1073 755 1219 816 laertium
1243 757 1392 816 nominata
1408 777 1472 817 csse
1495 757 1643 828 uidimus,
1666 758 1729 816 sive

131 845 277 913 Laertius,
297 841 333 913 V,
349 862 388 919 ²9
403 863 412 900 ι
428 841 500 920 Πρὸς
520 839 568 918 μίν
580 831 624 900 οὗν
644 840 692 912 vlo
708 841 809 922 ιθρεσιν
823 841 858 902 τά
874 867 901 902 ιε
956 863 1022 919 quae
1034 843 1206 922 Simplicius
1222 847 1318 908 novit.
1334 845 1447 904 Etenim
1466 846 1492 904 si
1510 845 1581 904 lides
1595 843 1729 904 habenda

130 930 235 994 Τοπικίι
248 929 292 988 καί
313 928 449 989 Μεθοδικὰ
462 928 600 1009 παρίδοκι
620 928 772 1008 προτάσεων
790 932 901 1002 πλῆθος,
955 944 999 990 est
1021 930 1192 1010 Simplicio,
1211 934 1276 992 sive
1298 933 1396 1012 potius
1425 933 1585 1012 antiquiori
1613 932 1728 992 cuidam

130 1017 157 1085 li
171 1009 207 1077 ὧν
223 1016 289 1096 πρὸς
308 1016 342 1076 ιδ
357 1015 536 1095 προδλήματα
549 1020 666 1076 πιθανῶν
689 1018 902 1096 ἐπιχειρημάτων
956 1019 1110 1098 interpreti
1129 1040 1214 1098 quem
1236 1033 1351 1081 secutus
1362 1035 1406 1080 est
1417 1023 1425 1098 (
1437 1021 1472 1080 cl.
1488 1040 1577 1100 supra
1592 1021 1628 1080 lr.
1645 1022 1727 1098 139),

128 1096 180 1164 οἷάν
201 1125 231 1162 τι
257 1105 385 1181 εὐπορεῖν·
395 1101 461 1183 πρδς
481 1103 508 1162 δὲ
528 1102 577 1174 τὴν
592 1103 679 1184 κρίσιν
695 1104 730 1163 τί
747 1103 902 1164 Ἀναλυτικὰ
955 1104 1119 1167 Methodica
1138 1108 1297 1186 dequibus
1318 1110 1414 1185 agitur
1427 1109 1504 1168 inter
1519 1108 1727 1186 hypomnema-

128 1191 244 1271 πρότερα
257 1191 301 1250 καί
316 1189 414 1274 θσπιρυ
428 1192 546 1269 (cadmo
564 1192 691 1270 llesych.
703 1193 828 1252 lllustris
841 1195 902 1272 μθ
956 1193 1014 1252 tica
1034 1196 1145 1274 scripta
1162 1195 1337 1254 recensenda
1353 1208 1445 1254 erant.
1463 1195 1534 1265 Quae
1549 1214 1620 1254 vero
1637 1215 1726 1273 quum

126 1277 248 1359 Orelli).
271 1280 343 1338 Cum
367 1279 414 1339 his
435 1281 599 1339 consentire
618 1280 735 1338 videtur
753 1280 817 1358 ipse
839 1283 904 1340 Ari·
955 1295 1061 1353 essem,
1077 1296 1109 1340 ut
1124 1282 1254 1361 ejusdem
1267 1283 1412 1362 Simplicii
1426 1280 1524 1342 verbis
1540 1295 1616 1354 utar,
1628 1283 1660 1340 in
1672 1287 1727 1343 Ca-

128 1367 256 1439 stoteles‚
268 1369 301 1426 in
313 1367 397 1445 cujus
411 1367 528 1428 Rhetor.
541 1370 564 1438 l,
578 1387 609 1439 a,
622 1387 654 1445 9,
668 1368 729 1426 haec
743 1369 899 1444 leguntur:
956 1381 1012 1445 teg.
1028 1389 1060 1448 p.
1078 1380 1126 1443 oq,
1143 1373 1179 1446 A,
1193 1372 1229 1438 ta
1242 1389 1249 1429 :
1264 1371 1314 1428 ὅσα
1328 1369 1391 1448 πρὸς
1404 1370 1552 1448 ὑπόμνησιν
1568 1369 1667 1428 οἰκείαν
1681 1374 1727 1430 καὶ

125 1454 174 1521 Τίς
189 1455 211 1512 δ’
223 1454 282 1514 deal
297 1454 408 1536 διαρορδ
421 1453 634 1535 παραδείγματος
645 1454 691 1513 καί
705 1455 900 1532 ἐνθυμήματος,
954 1456 1062 1516 πλείονα
1080 1459 1194 1536 βάσανον
1216 1457 1353 1526 συνέταξαν
1367 1462 1380 1517 θ
1392 1459 1545 1539 φιλόσοφος,
1565 1458 1596 1516 in
1610 1459 1727 1538 scriptis

125 1541 235 1622 φανερὸν
250 1546 346 1603 ἐκτῶν
365 1547 502 1602 Τοπικῶν·
516 1544 570 1601 ἐκεῖ
585 1541 636 1623 γδιρ
649 1543 710 1623 περὶ
725 1544 902 1621 συλλογισμοῦ
955 1543 1073 1624 abipso
1089 1547 1244 1606 Aristotele
1254 1546 1341 1606 editis
1353 1565 1446 1623 neque
1462 1546 1610 1604 nominari
1627 1561 1727 1625 potue·

124 1630 580 1711 nollmquqiitslpqsotnpo'srpou,
591 1630 632 1690 ὅτι
643 1629 674 1690 τὸ
687 1631 734 1708 μίν
747 1630 828 1694 πὀίπὶ
841 1634 900 1692 πολ·
955 1647 1023 1692 runt
1037 1653 1130 1712 neque
1144 1654 1270 1714 unquam
1289 1635 1525 1694 nuntinatasunt.

123 1720 176 1778 λῶν
187 1720 234 1780 καί
247 1719 345 1796 ὁμοίιον
358 1719 506 1778 δείκνυσθαι
526 1717 565 1776 δτι
580 1718 661 1786 οθτονς
683 1719 756 1798 ἔχει,
779 1720 835 1779 insi
853 1717 900 1794 μὲν
997 1723 1092 1782 Restat
1110 1735 1142 1781 ut
1162 1723 1198 1781 de
1214 1723 1443 1782 Metlrodicorum
1464 1723 1611 1782 mentione
1632 1724 1662 1781 iu
1678 1725 1726 1782 in-

123 1807 253 1887 ίπαγιογή
269 1810 339 1867 lustu
358 1811 470 1868 ἐνταῦθα
486 1806 514 1865 dd
528 1806 718 1886 παράδειγμα,
733 1805 764 1864 td
777 1806 805 1864 δί
822 1807 899 1863 πινῶν
954 1807 1071 1870 ditibus
1087 1811 1160 1870 sacta
1178 1811 1337 1870 videamus.
1352 1809 1387 1870 ln
1400 1811 1539 1888 Diogenis
1555 1811 1663 1870 Laertii
1683 1825 1726 1870 ta·

121 1893 206 1953 ὅντων
219 1894 308 1976 δειράν
321 1916 347 1952 τι
360 1893 403 1952 διδι
415 1898 501 1952 ταῦτα
513 1891 666 1971 ουμὸαίνιιν
680 1893 756 1971 παρὰ
768 1898 900 1974 ταῦτατῷ
954 1894 1024 1954 bula
1032 1898 1159 1974 primum
1173 1898 1307 1958 Μεθοδικὰ
1319 1899 1343 1958 α’
1356 1895 1380 1978 β’
1395 1897 1419 1977 γ’
1430 1899 1453 1957 δ’
1466 1897 1487 1956 ε’
1501 1899 1527 1964 ς’
1542 1899 1563 1968 ζ’
1574 1901 1727 1958 nominan-

120 1989 209 2043 ταῦτα
225 1974 307 2060 ι’ίναι,
325 1981 469 2054 nanuum
491 1981 614 2052 ἢὼςίπί
625 1981 657 2041 τί
676 1981 763 2056 πολύ,
782 1984 838 2043 ἐκεῖ
851 1983 899 2059 μίν
954 1996 1003 2042 tur
1024 1985 1097 2063 (δε),
1124 1987 1202 2044 inter
1233 1986 1342 2064 scripta
1372 1987 1476 2063 logica,
1501 1985 1622 2057 deinde,
1648 1987 1724 2046 inter

120 2071 297 2149 συλλογισμὸς
309 2072 418 2130 ἐνταῦθα
432 2069 459 2128 il
478 2069 618 2146 ἐνθύμημα
631 2069 900 2150 annitendum&
953 2070 1174 2150 rhelorica(81)
1200 2073 1346 2134 Μεθοδικὸν
1370 2074 1407 2136 α’.
1430 2075 1542 2132 Horum
1571 2074 1723 2132 titulorum

120 2161 146 2217 δ’
156 2160 197 2218 δτι
209 2160 256 2218 καί
265 2159 387 2239 ἑκάτερον
399 2157 456 2237 ἔχει
466 2157 605 2234 ίγαθδνιδ
618 2145 684 2224 εἶδος
696 2162 742 2230 τῆς
750 2161 899 2239 ῥητορικῆς·
952 2159 1083 2235 priorem
1120 2161 1319 2221 tautummodo
1360 2161 1518 2238 exscripsit
1552 2163 1723 2236 Anouyruus

120 2249 244 2328 καθάπερ
258 2247 308 2326 γὰρ
329 2246 375 2305 καί
394 2251 421 2306 ἐν
433 2254 487 2312 τοῖς
507 2247 660 2314 Μιθοδικοίς
674 2245 794 2326 ιίρηται,
810 2247 857 2305 καί
872 2249 899 2305 ἐν
953 2246 1024 2324 (to),
1039 2249 1229 2308 omissoveru
1241 2249 1384 2308 librorum
1401 2269 1530 2308 numero.
1545 2248 1723 2327 Topicorum

117 2335 222 2403 τούτοις
231 2335 327 2411 ὁμοίοις
337 2334 407 2415 ίχιι·
418 2332 470 2392 tlol
481 2332 566 2412 γδιραί
576 2332 623 2410 μὲν
636 2334 900 2415 παραδειγμαιάνδεις
952 2335 1033 2393 nulla
1047 2337 1155 2394 mentio
1166 2335 1197 2394 in
1213 2335 1361 2396 indicibus
1376 2337 1538 2413 reperitur,
1557 2356 1723 2413 quanquam

119 2428 268 2503 ῥητορείαν,
280 2426 307 2482 al
315 2423 342 2482 δί
355 2424 574 2499 ίνθυμημαπικαί.
587 2423 649 2480 lloc
661 2424 727 2482 loco
737 2421 899 2482 Rhetoricae
945 2419 1032 2503 Ὅροι
1050 2421 1103 2500 πρὸ
1128 2424 1180 2481 τῶν
1197 2425 1311 2481 τοπικῶν
1341 2423 1366 2481 α’
1383 2420 1408 2501 β’
1422 2422 1446 2502 γ’
1465 2423 1487 2482 δ
1509 2421 1530 2480 ε’
1545 2423 1569 2492 ς’
1584 2422 1606 2492 ζ’
1620 2422 1724 2501 (Diog.

117 2532 191 2572 usus
202 2525 247 2573 est
261 2513 421 2590 Dionysius
444 2512 706 2571 halicarnassensis
726 2513 759 2571 in
768 2511 899 2590 Epistola
951 2509 986 2572 L.
1004 2511 1067 2590 55),
1080 2510 1122 2571 Tl
1137 2509 1189 2590 πρὸ
1203 2510 1351 2570 τῶντάπων
1368 2511 1421 2588 (ib.
1435 2510 1503 2588 59),
1518 2512 1647 2571 Τοπικῶν
1660 2511 1724 2591 πρὸς

118 2602 155 2660 ad
170 2605 348 2674 Ammaeum,
363 2621 388 2682 c.
405 2621 435 2673 7,
453 2614 485 2677 ut
505 2600 716 2659 demonstraret
733 2600 795 2677 jam
814 2601 898 2659 virili
952 2598 1010 2665 τοὺς
1022 2598 1163 2678 δρουςζίίι.
1179 2599 1227 2675 6ο)
1243 2613 1458 2660 recenseantur.
1475 2599 1520 2658 Ad
1534 2600 1595 2658 haec
1611 2600 1725 2675 igitura

117 2702 202 2748 aetate
209 2689 300 2748 luisse
307 2688 488 2746 Aristotelem
495 2707 585 2764 quum
595 2685 777 2745 Rhetoricam
786 2685 896 2745 scribe·
952 2687 1099 2767 plerisque
1115 2687 1221 2746 relatus
1231 2700 1274 2746 est
1288 2686 1520 2746 hlethodicorum
1533 2687 1645 2748 titulus.
1665 2686 1722 2746 Ne-

117 2790 174 2850 ret,
183 2778 298 2856 quippe
311 2777 362 2854 qui
372 2775 433 2853 jam
445 2775 573 2833 antehos
581 2772 674 2833 libros
683 2772 898 2840 edidisset-:ode
952 2795 1010 2852 que
1026 2795 1112 2847 sane,
1140 2775 1247 2846 fateor,
1271 2795 1287 2832 a
1311 2775 1360 2832 tali
1388 2775 1556 2850 conjectura
1586 2774 1724 2835 abhorret

116 2867 265 2946 κρατίστας
275 2863 416 2932 συνπάξιις.
425 2863 534 2921 Vellent
543 2875 638 2920 autem
648 2861 810 2920 accuratius
822 2862 899 2920 indi·
951 2863 1049 2941 ipsum
1064 2863 1242 2941 Topicorum
1264 2862 1381 2920 initium
1411 2859 1468 2922 εἩ
1484 2859 1530 2936 μὲν
1545 2863 1665 2940 πρόθεσις
1678 2865 1725 2934 τῆς

115 2953 389 3032 cessetqualesnam
405 2949 499 3010 libros
512 2952 553 3008 ita
560 2948 758 3027 appellaverit.
771 2947 813 3006 Ex
828 2945 893 3023 ejus
951 2949 1134 3028 πραγματείας
1148 2949 1255 3025 μίθοθον
1271 2947 1365 3025 εὑρεῖν.
1375 2951 1411 3006 At
1424 2949 1522 3006 minus
1537 2947 1614 3006 lavet
1626 2948 1721 3008 libro·

114 3042 199 3101 enim
211 3042 311 3100 verbis
317 3061 347 3119 p.
366 3041 422 3113 730
432 3039 547 3098 lleish.:
564 3034 634 3114 Περί
642 3032 897 3113 τεπαραδιιγμάιοιν
952 3058 1017 3096 rum
1032 3057 1184 3108 numerus,
1201 3036 1290 3113 idque
1303 3035 1463 3114 praesertim
1477 3054 1565 3112 quum
1579 3036 1672 3113 etqui
1687 3037 1723 3096 de

115 3113 897 3206 (unitatupupslsuvadjic.esscconj.Spengel.Specim.
952 3125 1131 3203 sophisticis
1145 3125 1274 3184 elenchis
1296 3123 1384 3199 uulgo
1405 3123 1563 3200 inscriptus
1575 3135 1617 3182 est
1635 3122 1720 3197 liber,

113 3237 221 3277 comm.
236 3222 268 3272 in
286 3221 373 3273 Arist.
387 3217 483 3285 Rhea,
504 3211 664 3281 llonachii,
689 3211 775 3286 1839,
788 3229 820 3288 p.
837 3209 895 3288 ²7)
951 3212 1074 3292 Topicis
1096 3211 1329 3272 adnumerandus
1343 3213 1381 3270 sit
1402 3211 1457 3290 (ol.
1481 3210 1584 3268 Waitz.
1607 3212 1638 3268 in
1656 3213 1722 3269 Ari·

114 3302 299 3383 προελόμενος
311 3302 397 3381 λίγιιν
413 3300 511 3373 θιιτλν
526 3299 609 3371 αὐτὴν
629 3299 704 3356 ταῦτ’
717 3297 773 3376 ίχει
785 3296 896 3376 δύναμιν
951 3313 1016 3362 stot.
1039 3305 1145 3378 Organ.
1162 3314 1185 3358 t.
1201 3300 1239 3376 tl,
1254 3321 1285 3380 p.
1308 3299 1365 3360 528
1386 3297 1453 3376 sql,
1468 3297 1605 3376 aquibus
1623 3299 1722 3357 saltem

113 3401 174 3460 ταῖς
184 3396 336 3468 ἐπαγωγαῖς
347 3390 393 3450 καί
404 3393 458 3455 τοῖς
471 3390 666 3467 συλλογισμοῖς,
683 3390 767 3444 ταῦτα
780 3385 897 3464 πιρίτῆς
950 3387 988 3447 ab
1007 3390 1072 3468 ipso
1095 3389 1251 3448 Aristotele
1274 3407 1332 3446 uon
1349 3400 1508 3464 separatur.
1532 3385 1589 3444 Sed
1609 3386 1670 3463 jatu
1692 3389 1721 3446 in

114 3481 281 3550 ἀναλυτικῆς
299 3478 393 3560 (apud
410 3477 596 3537 Aristotelem
620 3473 709 3553 paulo
724 3493 813 3553 supra
831 3473 852 3536 l.
876 3473 895 3532 l.
950 3476 997 3536 his
1022 3478 1238 3536 subsistendum
1264 3494 1326 3534 esse
1352 3489 1434 3552 puto.
1465 3474 1509 3533 Ad
1534 3476 1721 3554 quaestionem

115 3565 281 3627 Ἀναλυτικδ
296 3565 440 3643 citantur)
452 3564 497 3622 καί
512 3564 650 3641 μεθοδικῆς
659 3559 844 3640 πραγματείας
854 3558 893 3619 τί·
953 3567 1031 3624 enim
1050 3564 1137 3623 delati
1152 3583 1252 3624 sumus
1268 3564 1304 3622 de
1324 3581 1382 3641 qua
1396 3561 1512 3621 lucilius
1522 3575 1567 3621 est
1580 3561 1720 3621 hariolari

115 3662 193 3731 θησι,
211 3653 288 3714 illud
302 3654 419 3731 quidem
432 3653 502 3730 jure
525 3652 657 3728 colliges,
673 3669 739 3709 eum
755 3649 895 3724 μεθοδικὴν
950 3673 1037 3727 quam
1059 3654 1129 3710 satis
1143 3652 1214 3710 certi
1230 3650 1343 3729 aliquid
1367 3652 1513 3727 prolerre,
1530 3650 1640 3728 quippe
1653 3651 1723 3727 quia

112 3741 308 3822 πραγματείαν
328 3761 345 3800 a
367 3740 545 3820 Topicorunr
562 3739 650 3798 libris
671 3759 730 3797 uon
749 3738 894 3796 diversam
950 3741 1111 3800 arctissime
1125 3739 1269 3799 cohaereat
1282 3757 1347 3797 cum
1360 3739 1397 3795 iis
1410 3757 1472 3814 que
1489 3757 1553 3795 curn
1568 3737 1606 3795 de
1623 3737 1721 3795 condi·

114 3832 236 3904 secisse,
259 3831 296 3889 de
311 3829 595 3907 causaverocurita
611 3827 711 3886 lecerit
724 3826 797 3884 nihil
817 3846 896 3884 com·
949 3831 1030 3888 tione
1055 3829 1294 3887 Aristoteleorum
1323 3825 1468 3884 librorum
1500 3835 1615 3882 narrata
1636 3837 1721 3896 sunt,

113 3921 265 3996 perimus.
282 3920 391 3977 Verum
406 3919 451 3976 lac
465 3937 525 3975 rem
540 3935 599 3974 uon
619 3915 703 3973 aliter
721 3933 753 3972 se
769 3913 893 3988 habere,
949 3930 1009 3976 tum
1024 3918 1060 3975 de
1070 3935 1171 3975 eorum
1189 3915 1319 3973 editione
1333 3912 1370 3972 ab
1386 3912 1556 3970 Andronico
1570 3909 1651 3968 sacta.

112 4008 157 4066 ita
173 4020 220 4079 ut,
238 4007 317 4083 quod
341 4008 495 4084 plerosque
510 4003 639 4081 probare
664 4001 762 4072 video,
784 4001 895 4080 Topica
989 4005 1109 4063 Praestat
1131 4003 1221 4079 igitur
1237 4003 1295 4061 huc
1315 3999 1423 4060 reverti
1445 3997 1521 4057 unde
1535 4009 1622 4057 totam
1647 3998 1722 4058 hauc

113 4093 212 4151 scmel
233 4090 465 4151 Methodicorum
487 4092 605 4149 nomine
625 4088 831 4166 aphilosopho
845 4109 896 4168 ap-
949 4091 1176 4169 disputationem
1190 4090 1252 4148 orsi
1276 4107 1386 4148 sumus.
1407 4085 1471 4143 Non
1492 4084 1570 4142 enim
1593 4083 1720 4142 alienum

112 4179 227 4258 pellari
244 4182 391 4257 potuerint
401 4181 451 4258 (ι),
465 4180 565 4238 eodem
579 4177 665 4236 modo
674 4196 734 4254 quo
748 4177 818 4235 alibi
833 4179 896 4239 sive
949 4193 993 4238 est
1006 4179 1044 4237 ab
1059 4179 1114 4238 hoc
1128 4178 1194 4236 loco
1208 4190 1240 4236 ut
1255 4177 1291 4236 de
1303 4177 1375 4254 ipsis
1386 4173 1411 4232 T
1413 4173 1507 4250 opicis
1528 4191 1620 4250 pauca
1633 4171 1722 4232 adda-

112 4265 277 4327 dialectica
290 4267 386 4344 (llhet.
404 4267 446 4336 ll,
460 4289 508 4344 aa,
524 4277 557 4338 rt
573 4279 600 4323 et
610 4287 634 4323 c.
648 4273 695 4337 au,
710 4265 739 4340 ι)
752 4265 814 4323 sive
830 4263 894 4324 Eri-
949 4287 1024 4326 mus.
1042 4267 1083 4325 De
1095 4266 1153 4334 his,
1175 4263 1294 4342 siquod
1309 4264 1345 4322 de
1360 4259 1523 4338 Analyticis
1538 4272 1566 4318 et
1582 4260 1618 4317 de
1632 4258 1721 4319 Cate-

949 4357 1041 4431 goriis
1073 4354 1208 4424 traditur,
1234 4371 1334 4410 eorum
1363 4350 1495 4409 diversas
1527 4349 1720 4423 recensiones,

140 4440 171 4494 “l
186 4439 223 4482 ⁰⁰
237 4437 287 4482 ¹⁰¹⁰
299 4437 344 4484 '¹⁰⁰
359 4439 547 4486 ¹⁰⁰⁰¹⁰¹⁸¹⁰l¹oe
559 4435 743 4494 lu⁰¹⁰¹¹¹⁸¹¹⁸³¹
758 4435 894 4480 “mmm
948 4443 1118 4502 Aristotelis
1141 4442 1260 4500 nomine
1283 4439 1455 4516 inscriptas,
1474 4437 1505 4494 iu
1526 4435 1654 4512 antiquis
1674 4436 1719 4494 hi·

109 4499 332 4618 {timidi}
333 4513 437 4619 ⁰319?
438 4501 554 4620 ¹122*th
560 4495 896 4613 {ffliigissssssqgiunffi
948 4531 1103 4590 hliothecis
1113 4529 1267 4600 exstitisse,
1279 4527 1450 4597 traderetur,
1466 4524 1520 4583 hoc
1535 4523 1618 4582 nullo
1633 4523 1719 4582 modo

110 4624 311 4674 Uellwdlwfflm
333 4628 474 4672 menuonan
501 4624 668 4680 interpotatort
691 4623 785 4667 cauam
807 4621 892 4676 denen,
949 4621 1080 4690 mirarer,
1095 4623 1183 4675 imino
1199 4617 1299 4694 potius
1319 4615 1411 4672 miror
1424 4611 1504 4691 quod
1525 4631 1585 4669 uon
1613 4611 1717 4670 lactum

110 4683 797 4806 fflffiffiffifflfflfflssffiffiffibffl
807 4687 894 4790 {¹3}ss
948 4721 1000 4766 est.
1013 4708 1050 4764 At
1059 4707 1138 4765 fuere
1147 4703 1337 4781 nonnulliqui
1347 4701 1497 4776 etlongius
1508 4698 1718 4777 progrederen-

111 4813 168 4859 tetu
178 4811 372 4864 ιοιειοιειειιοοσ
381 4807 893 4864 nantissimu‚c.nnmot‚1tmeerutqm,
949 4807 1003 4853 tur.
1013 4793 1091 4852 luter
1105 4811 1178 4869 quos
1189 4789 1377 4849 noumultum
1388 4807 1440 4848 nos
1451 4786 1612 4846 morabitur
1622 4784 1717 4844 Patri·

112 4867 894 4989 {zssnffif‘pnqssfflm'ffijoffflssjfflffl'ffl‘ffl
948 4873 1717 4950 eiusvehementissimusobtrecnt01³A1·ist0tetis‚qui

110 5003 167 5050 sqq.
185 4989 219 5037 et.
232 4992 344 5050 anteco
356 4994 456 5050 sauppe,
475 4991 601 5046 θεοποιίαν
611 4988 662 5033 ane
676 4989 824 5041 Aristotelea,
838 4989 894 5032 tror-
947 4971 1114 5039 ultrohues,
1126 4961 1719 5045 utsoletabroptus,TopicaabAristotelc

110 5055 172 5110 ων
200 5055 265 5098 ¹⁸⁶⁸·
290 5054 370 5112 ΜΝ
391 5057 468 5101 “⁰¹⁶⁰
488 5052 604 5098 ⁰⁰l¹¹¹¹¹⁰
626 5050 705 5106 'ullu‘
726 5049 755 5095 ά*
783 5048 895 5093 'ml'
948 5056 1141 5135 abjudicanda
1160 5068 1189 5114 et
1216 5053 1417 5130 Theophrasto
1437 5053 1484 5110 vel
1516 5050 1644 5110 Eudemo
1672 5047 1717 5106 rel

111 5113 243 5182 μεθοδικά,
260 5117 324 5171 quod
335 5129 372 5164 me
381 5125 496 5210 nsquam
512 5113 574 5170 apud
588 5111 735 5159 Aristotelem
752 5111 835 5166 ragusa
847 5122 889 5155 mn-

111 5187 185 5234 mmi.
949 5147 1066 5205 Phaniae
1087 5143 1242 5204 tribuenda
1262 5161 1325 5202 asse
1346 5141 1458 5200 censuit
1473 5139 1525 5217 (cl.
1549 5143 1715 5196 Discussion.
