4134 6134
858 733 1075 791 PllAEFA'l'lt).
1595 752 1630 789 ιιι

306 869 508 964 conscripta
530 891 606 936 esse
620 865 874 960 comperimus
896 889 961 934 nec
986 862 1033 934 de
1052 878 1347 957 argumentorum
1365 888 1444 958 quae
1465 865 1629 934 tractavit

309 990 397 1060 mira
411 990 595 1079 varietate,
612 988 674 1058 sed
684 1011 798 1084 quum
814 986 991 1058 scribendi
1007 980 1136 1082 genere
1152 1003 1262 1084 atque
1274 987 1389 1059 lorma
1401 987 1447 1058 ad
1462 1012 1628 1058 normam

307 1115 573 1184 Socraticorum
598 1127 707 1209 atque
733 1113 890 1196 Platonis
911 1111 1104 1183 accedente
1130 1136 1213 1183 eum
1241 1137 1346 1184 usum
1372 1137 1448 1183 esse
1473 1127 1626 1200 constet,

307 1260 420 1332 quum
430 1251 601 1334 praeterea
611 1250 646 1308 et
656 1234 851 1332 quamdam
866 1236 1123 1307 sententiarum
1133 1237 1170 1305 in
1178 1234 1373 1332 deperditis
1379 1233 1479 1306 libris
1488 1241 1629 1332 exposi-

307 1375 425 1430 tarum
441 1359 682 1430 differentiam
704 1356 974 1454 deprehendere
993 1357 1111 1441 liceat,
1134 1358 1208 1452 jam
1234 1359 1337 1453 quasi
1350 1358 1503 1430 alterum
1516 1357 1630 1430 habe-

308 1479 425 1552 bimus
446 1481 670 1554 Aristotelem
686 1480 732 1551 ab
748 1503 913 1577 ecquem
933 1503 953 1552 e
968 1477 1222 1576 superstitibus
1235 1482 1376 1578 scriptis
1386 1504 1535 1551 noscere
1546 1480 1629 1552 licet

305 1603 499 1676 diversum.
520 1604 608 1676 lude
622 1603 756 1675 lactum
770 1618 824 1674 est
838 1615 878 1674 ut
894 1602 1007 1674 multa
1023 1602 1115 1673 male
1132 1625 1372 1699 perverseque
1385 1602 1431 1674 de
1444 1602 1630 1674 Aristotele

306 1727 457 1824 ejusque
476 1729 616 1826 scriptis
634 1730 670 1798 in
687 1726 815 1824 vulgus
829 1727 970 1824 prolata
987 1727 1071 1817 sint,
1096 1725 1145 1798 ob
1164 1726 1436 1825 deperditorum
1451 1728 1529 1821 ejus
1546 1729 1630 1798 scri·

225 1901 227 1910 .
270 1943 274 1962 ἱ
307 1865 451 1946 ptorum
468 1853 719 1948 ignorantiam.
734 1849 880 1938 Quodsi
891 1851 1090 1947 praesertim
1103 1850 1383 1947 fragmentorum
1394 1867 1630 1949 quotcunque

305 1999 347 2044 ex
369 1975 411 2046 iis
427 1989 566 2046 servata
591 1990 676 2046 sunt
694 1974 945 2046 collectionem
975 1975 1085 2072 paulo
1111 1974 1385 2072 locupletiorem
1401 1990 1484 2045 ante
1505 1975 1630 2046 oculos

306 2092 524 2182 habuissent,
544 2097 607 2192 qui
621 2095 806 2167 Strabonis
819 2111 856 2167 et
874 2095 1055 2167 Plutarchi
1072 2096 1194 2186 fidem,
1220 2099 1256 2168 iu
1274 2098 1318 2169 iis
1334 2121 1415 2193 quae
1430 2096 1629 2168 de'Aristo-

306 2218 383 2288 telis
395 2218 569 2291 librorum
585 2237 666 2318 post
685 2221 763 2315 ejus
785 2236 937 2292 mortem
957 2219 1103 2292 fortuna
1128 2238 1288 2311 narrant,
1313 2222 1452 2293 elevare
1478 2224 1630 2316 aggressi

304 2360 386 2416 sturt
400 2343 464 2439 (ι),
479 2343 596 2415 lenius
607 2345 756 2416 sortasse
767 2343 813 2415 de
824 2345 893 2415 hac
903 2369 942 2416 re
953 2347 1171 2416 statuissent.
1186 2351 1239 2417 De
1253 2370 1324 2442 qua
1339 2361 1458 2417 tamen
1471 2345 1630 2415 refusius

303 2467 486 2563 disputare
501 2441 577 2538 hon
593 2469 702 2562 hujus
715 2483 768 2539 est
788 2469 870 2555 loci,
889 2449 1014 2540 sed'de
1029 2469 1097 2539 illis
1109 2471 1232 2566 potius
1244 2452 1442 2540 videndum
1453 2472 1524 2538 'erit
1536 2493 1629 2564 quo·
1655 2516 1658 2521 <

304 2613 386 2658 rum
408 2615 495 2662 cura
513 2591 550 2660 in
569 2589 775 2688 deperditos
794 2590 989 2662 Aristotelis
1007 2591 1119 2662 libros
1143 2591 1274 2663 collata
1292 2591 1486 2662 notabilior
1504 2591 1583 2667 tuit.

351 2711 544 2786 Utilitatem
567 2713 613 2784 de
637 2738 708 2808 qua
732 2713 804 2784 disi
825 2714 1089 2811 perspiciendo,
1105 2713 1197 2786 bene
1222 2713 1267 2785 de
1289 2714 1474 2785 Aristotele
1498 2714 1629 2783 meruit

305 2837 531 2929 gravissimus
564 2836 771 2934 philosophi
802 2839 1007 2924 insectator,
1036 2839 1245 2909 Franciscus
1264 2839 1455 2917 Patricius.
1475 2843 1527 2907 lle
1559 2835 1630 2906 hoc

303 2961 399 3030 enim
413 2960 506 3047 viro,
522 2960 558 3030 in
576 2984 686 3055 quem
707 2960 811 3031 multi
835 2975 984 3057 propter
1011 2961 1275 3056 iniquissimum
1296 2959 1423 3031 odium
1444 2985 1518 3054 qno
1547 2984 1629 3054 erga

304 3083 528 3154 Aristotelem
547 3081 731 3177 flagrabat,
755 3107 820 3154 suo
841 3082 1000 3177 quodam
1020 3083 1103 3178 jure
1128 3085 1259 3154 invecti
1281 3099 1377 3170 sunt,
1403 3083 1627 3154 verissimum

303 3229 379 3274 esse
392 3219 483 3302 puto
494 3203 669 3299 judicium
687 3204 834 3276 lordani
849 3207 898 3276 ita
917 3204 1069 3276 dicentis
1091 3207 1127 3276 in
1148 3206 1243 3278 libro
1262 3206 1477 3277 Becherches
1495 3230 1559 3274 sur
1577 3206 1628 3274 les·

303 3327 520 3398 traductione
537 3328 677 3398 latines'
695 3327 895 3418 d’Artstirte,
919 3354 957 3425 p.
982 3355 1066 3419 220,
1094 3329 1153 3401 ed.
1175 3331 1237 3400 alt.
1261 3357 1268 3398 :
1291 3335 1408 3399 «Esse
1437 3329 1627 3398 Patricium

303 3452 397 3522 inter
420 3452 735 3548 praestantissimos
757 3452 876 3522 saeculi
897 3456 974 3523 XVl
992 3468 1157 3526 auctores
1180 3468 1216 3524 et
1239 3454 1479 3524 literariarum
1505 3475 1626 3522 rerum

303 3574 461 3664 historiae
482 3590 518 3645 et
539 3573 777 3672 philosophiae
800 3574 1029 3646 Aristotelicas
1050 3578 1213 3672 apprime
1230 3600 1399 3670 gnarum,
1425 3574 1528 3668 cujus
1546 3575 1626 3643 Dis-

301 3700 483 3769 cussiones
498 3699 738 3796 Peripateticae
757 3722 896 3785 eorum,
919 3700 982 3793 qui
1002 3713 1085 3794 post
1106 3701 1225 3795 ipsum
1247 3699 1294 3769 de
1315 3697 1502 3768 Aristotele
1515 3697 1627 3792 scrip-

302 3823 441 3910 sissent,
463 3821 643 3917 plerisque
658 3819 837 3890 scribendi
853 3821 1037 3934 materiam
1053 3820 1350 3918 suppeditassent.
1373 3851 1389 3885 »
1409 3817 1518 3907 Quod
1532 3833 1568 3887 et
1578 3817 1626 3928 de

339 4057 380 4137 (ι)
406 4061 448 4117 lle
463 4059 582 4118 veritate
592 4078 691 4117 eorum
705 4078 769 4136 quae
783 4080 799 4118 a
813 4060 954 4118 Strabone
968 4059 988 4118 l.
1000 4059 1075 4128 lllll,
1090 4079 1120 4134 p.
1130 4058 1199 4127 608,
1216 4069 1244 4114 et
1255 4057 1410 4116 Plutarcho
1423 4055 1454 4112 in
1467 4054 1530 4112 Vita
1543 4054 1626 4128 Syllae

301 4177 326 4216 c.
336 4160 387 4226 ¹26,
404 4169 518 4216 narrata
533 4169 608 4226 sunt,
622 4154 759 4235 majorem
775 4169 886 4234 putem
900 4155 1073 4234 scriptorum
1086 4153 1244 4212 Aristotelis
1257 4166 1287 4211 et
1297 4151 1486 4230 Theophrasti
1497 4153 1534 4208 ad
1543 4150 1626 4224 Syllae

300 4273 389 4332 nsque
402 4265 534 4332 tempora
548 4252 708 4323 delituisse,
726 4252 836 4332 primus
855 4251 999 4310 dubitarit
1019 4263 1130 4320 auctor,
1147 4249 1276 4328 quisquis
1296 4249 1344 4306 ille
1362 4247 1429 4317 tuit,
1450 4246 1564 4304 libelli:
1586 4251 1626 4302 les

300 4355 448 4407 Amenitez
468 4353 504 4406 de
523 4353 553 4406 Ia
570 4356 705 4425 critique,
730 4371 765 4406 ou
777 4355 981 4408 Dissertations
994 4361 1023 4404 et
1036 4353 1207 4422 Remarques
1219 4349 1356 4402 nouvelles
1368 4365 1416 4400 sur
1429 4348 1520 4399 diuers
1528 4350 1626 4418 points

300 4449 336 4502 de
349 4451 509 4522 l'antiquite'
522 4451 731 4521 eccle-'siastique
744 4461 772 4502 et
781 4447 909 4521 profane
916 4489 926 4516 ,
942 4444 1038 4515 PariS,
1055 4445 1124 4504 chez
1137 4443 1286 4502 Florentia
1299 4441 1454 4509 Delaulne,
1476 4462 1567 4516 ¹7¹7÷
1584 4442 1622 4498 cl.

299 4546 422 4600 Journal
432 4545 482 4600 des
495 4525 633 4612 Surenas,
652 4543 743 4600 annee
762 4565 845 4617 1717,
862 4555 883 4600 t.
900 4542 977 4610 Llll,
996 4562 1027 4622 p.
1043 4541 1101 4599 655
1115 4561 1140 4598 s.
1163 4540 1289 4598 Similem
1311 4537 1481 4595 sententiam
1500 4537 1625 4614 amplexi

301 4652 366 4699 sunt
378 4638 517 4710 Brandis,
537 4641 628 4702 Uebcr
641 4641 688 4695 die
702 4639 863 4700 Schtclsale
876 4641 929 4694 der
941 4639 1176 4698 Aristotelischen
1190 4636 1354 4708 Schriften,
1377 4635 1406 4692 in
1425 4635 1527 4693 Rhein.
1543 4639 1621 4692 Mus.

300 4749 321 4795 t.
339 4740 366 4808 l,
387 4757 416 4816 p.
436 4737 492 4794 236
507 4756 553 4807 ss,
572 4735 629 4811 259
643 4755 700 4808 ss.;
718 4736 813 4802 Stulte,
829 4739 1013 4806 Aristotelia,
1034 4735 1130 4808 flalle,
1151 4734 1240 4803 1832,
1257 4744 1279 4792 t.
1295 4734 1337 4803 ll,
1354 4753 1383 4809 p.
1401 4732 1469 4802 511,
1485 4728 1623 4805 multique
1685 4773 1689 4777 .

292 4833 359 4893 ¹alii.
