<?xml version="1.0" encoding="UTF-8"?>
<!DOCTYPE html PUBLIC "-//W3C//DTD XHTML 1.0 Transitional//EN"
    "http://www.w3.org/TR/xhtml1/DTD/xhtml1-transitional.dtd">
<html xmlns="http://www.w3.org/1999/xhtml" xml:lang="en" lang="en">
 <head>
  <title>
</title>
<meta http-equiv="Content-Type" content="text/html;charset=utf-8" />
  <meta name='ocr-system' content='tesseract 3.04.00' />
  <meta name='ocr-capabilities' content='ocr_page ocr_carea ocr_par ocr_line ocrx_word'/>
</head>
<body>
  <div class='ocr_page' id='page_1' title='image "aristotelisoper12arisgoog_0338.png"; bbox 0 0 4134 6134; ppageno 0'>
   <div class='ocr_carea' id='block_1_1' title="bbox 346 452 1404 517">
    <p class='ocr_par' dir='ltr' id='par_1_1' title="bbox 346 452 1404 517">
     <span class='ocr_line' id='line_1_1' title="bbox 346 452 1404 517; baseline 0.001 -2"><span class='ocrx_word' id='word_1_1' title='bbox 346 456 406 516; x_wconf 77' lang='lat' dir='ltr'><strong>sto</strong></span> <span class='ocrx_word' id='word_1_2' title='bbox 890 452 1135 515; x_wconf 81' lang='lat' dir='ltr'><strong>ARISTOTELIS</strong></span> <span class='ocrx_word' id='word_1_3' title='bbox 1155 455 1404 517; x_wconf 80' lang='lat' dir='ltr'><strong>FRAGMENTA.</strong></span> 
     </span>
    </p>
   </div>
   <div class='ocr_carea' id='block_1_2' title="bbox 331 581 1113 4970">
    <p class='ocr_par' dir='ltr' id='par_1_2' title="bbox 331 581 1113 4251">
     <span class='ocr_line' id='line_1_2' title="bbox 340 581 1112 665; baseline -0.001 -20"><span class='ocrx_word' id='word_1_4' title='bbox 340 581 1112 665; x_wconf 72' lang='grc' dir='ltr'>ὁτοὺςΠάπλουςσυνθτὶςἈριστοτέλης(τ)ἐξέ-</span> 
     </span>
     <span class='ocr_line' id='line_1_3' title="bbox 341 669 1113 751; baseline 0 -18"><span class='ocrx_word' id='word_1_5' title='bbox 341 679 401 733; x_wconf 71' lang='lat' dir='ltr'><strong>dara</strong></span> <span class='ocrx_word' id='word_1_6' title='bbox 425 677 477 733; x_wconf 79' lang='grc' dir='ltr'><strong>τῶν</strong></span> <span class='ocrx_word' id='word_1_7' title='bbox 500 672 616 751; x_wconf 78' lang='grc' dir='ltr'>ἀρχαίων</span> <span class='ocrx_word' id='word_1_8' title='bbox 639 669 684 729; x_wconf 83' lang='grc' dir='ltr'>καὶ</span> <span class='ocrx_word' id='word_1_9' title='bbox 706 673 825 730; x_wconf 81' lang='grc' dir='ltr'>παλαιῶν</span> <span class='ocrx_word' id='word_1_10' title='bbox 851 670 976 748; x_wconf 74' lang='grc' dir='ltr'>άγάννων,</span> <span class='ocrx_word' id='word_1_11' title='bbox 993 675 1113 733; x_wconf 89' lang='lat' dir='ltr'><strong>minime</strong></span> 
     </span>
     <span class='ocr_line' id='line_1_4' title="bbox 340 758 1112 840; baseline 0 -21"><span class='ocrx_word' id='word_1_12' title='bbox 340 761 462 820; x_wconf 88' lang='lat' dir='ltr'><strong>dubium</strong></span> <span class='ocrx_word' id='word_1_13' title='bbox 476 760 625 836; x_wconf 80' lang='lat' dir='ltr'>relinquit,</span> <span class='ocrx_word' id='word_1_14' title='bbox 638 760 710 835; x_wconf 94' lang='lat' dir='ltr'><strong>quin</strong></span> <span class='ocrx_word' id='word_1_15' title='bbox 717 758 754 815; x_wconf 89' lang='lat' dir='ltr'><strong>ab</strong></span> <span class='ocrx_word' id='word_1_16' title='bbox 767 760 923 819; x_wconf 81' lang='lat' dir='ltr'><strong>Aristotele</strong></span> <span class='ocrx_word' id='word_1_17' title='bbox 933 762 1112 840; x_wconf 83' lang='lat' dir='ltr'><strong>philosopho</strong></span> 
     </span>
     <span class='ocr_line' id='line_1_5' title="bbox 341 848 1113 927; baseline -0.001 -18"><span class='ocrx_word' id='word_1_18' title='bbox 341 852 429 909; x_wconf 89' lang='lat' dir='ltr'><strong>aliurn</strong></span> <span class='ocrx_word' id='word_1_19' title='bbox 455 849 616 927; x_wconf 84' lang='lat' dir='ltr'><strong>quendam,</strong></span> <span class='ocrx_word' id='word_1_20' title='bbox 640 848 723 926; x_wconf 89' lang='lat' dir='ltr'><strong>Pepli</strong></span> <span class='ocrx_word' id='word_1_21' title='bbox 748 862 912 922; x_wconf 80' lang='lat' dir='ltr'><strong>auctorem,</strong></span> <span class='ocrx_word' id='word_1_22' title='bbox 933 851 1113 926; x_wconf 80' lang='lat' dir='ltr'><strong>distinguere</strong></span> 
     </span>
     <span class='ocr_line' id='line_1_6' title="bbox 340 936 1112 1011; baseline 0.005 -18"><span class='ocrx_word' id='word_1_23' title='bbox 340 938 477 997; x_wconf 84' lang='lat' dir='ltr'><strong>voluerit.</strong></span> <span class='ocrx_word' id='word_1_24' title='bbox 491 939 584 1011; x_wconf 84' lang='lat' dir='ltr'><strong>Auget</strong></span> <span class='ocrx_word' id='word_1_25' title='bbox 597 950 626 993; x_wconf 88' lang='lat' dir='ltr'><strong>et</strong></span> <span class='ocrx_word' id='word_1_26' title='bbox 637 936 790 995; x_wconf 82' lang='lat' dir='ltr'><strong>confirmat</strong></span> <span class='ocrx_word' id='word_1_27' title='bbox 808 936 883 995; x_wconf 90' lang='lat' dir='ltr'><strong>hanc</strong></span> <span class='ocrx_word' id='word_1_28' title='bbox 902 936 1112 997; x_wconf 79' lang='lat' dir='ltr'><strong>dubitationem</strong></span> 
     </span>
     <span class='ocr_line' id='line_1_7' title="bbox 342 1024 1112 1104; baseline 0.005 -23"><span class='ocrx_word' id='word_1_29' title='bbox 342 1024 486 1101; x_wconf 87' lang='lat' dir='ltr'><strong>pessimus</strong></span> <span class='ocrx_word' id='word_1_30' title='bbox 501 1024 619 1101; x_wconf 92' lang='lat' dir='ltr'><strong>quidem</strong></span> <span class='ocrx_word' id='word_1_31' title='bbox 641 1036 753 1095; x_wconf 82' lang='lat' dir='ltr'><strong>auctor,</strong></span> <span class='ocrx_word' id='word_1_32' title='bbox 768 1024 862 1083; x_wconf 89' lang='lat' dir='ltr'><strong>sedin</strong></span> <span class='ocrx_word' id='word_1_33' title='bbox 877 1026 961 1103; x_wconf 90' lang='lat' dir='ltr'><strong>cujus</strong></span> <span class='ocrx_word' id='word_1_34' title='bbox 984 1029 1112 1104; x_wconf 90' lang='lat' dir='ltr'><strong>sterqui-</strong></span> 
     </span>
     <span class='ocr_line' id='line_1_8' title="bbox 340 1110 1113 1190; baseline 0.01 -23"><span class='ocrx_word' id='word_1_35' title='bbox 340 1110 415 1168; x_wconf 91' lang='lat' dir='ltr'><strong>linio</strong></span> <span class='ocrx_word' id='word_1_36' title='bbox 425 1112 509 1189; x_wconf 90' lang='lat' dir='ltr'><strong>plura</strong></span> <span class='ocrx_word' id='word_1_37' title='bbox 520 1111 609 1170; x_wconf 89' lang='lat' dir='ltr'><strong>latent</strong></span> <span class='ocrx_word' id='word_1_38' title='bbox 618 1112 823 1170; x_wconf 87' lang='lat' dir='ltr'><strong>reconditioris</strong></span> <span class='ocrx_word' id='word_1_39' title='bbox 831 1112 970 1172; x_wconf 68' lang='lat' dir='ltr'><strong>doctrinae</strong></span> <span class='ocrx_word' id='word_1_40' title='bbox 980 1116 1113 1190; x_wconf 87' lang='lat' dir='ltr'><strong>vestigia.</strong></span> 
     </span>
     <span class='ocr_line' id='line_1_9' title="bbox 339 1198 1113 1277; baseline 0.006 -20"><span class='ocrx_word' id='word_1_41' title='bbox 339 1198 407 1277; x_wconf 90' lang='lat' dir='ltr'><strong>lpsa</strong></span> <span class='ocrx_word' id='word_1_42' title='bbox 421 1198 511 1257; x_wconf 88' lang='lat' dir='ltr'><strong>verba</strong></span> <span class='ocrx_word' id='word_1_43' title='bbox 526 1198 683 1277; x_wconf 90' lang='lat' dir='ltr'><strong>dequibus</strong></span> <span class='ocrx_word' id='word_1_44' title='bbox 700 1201 806 1276; x_wconf 86' lang='lat' dir='ltr'><strong>agitur,</strong></span> <span class='ocrx_word' id='word_1_45' title='bbox 817 1199 941 1261; x_wconf 81' lang='lat' dir='ltr'><strong>loannis</strong></span> <span class='ocrx_word' id='word_1_46' title='bbox 954 1202 1066 1261; x_wconf 79' lang='lat' dir='ltr'><strong>Taetzae</strong></span> <span class='ocrx_word' id='word_1_47' title='bbox 1081 1204 1113 1262; x_wconf 93' lang='lat' dir='ltr'><strong>in</strong></span> 
     </span>
     <span class='ocr_line' id='line_1_10' title="bbox 338 1286 1112 1368; baseline 0.009 -25"><span class='ocrx_word' id='word_1_48' title='bbox 338 1286 503 1363; x_wconf 85' lang='lat' dir='ltr'><strong>Prolegom.</strong></span> <span class='ocrx_word' id='word_1_49' title='bbox 518 1289 551 1346; x_wconf 91' lang='lat' dir='ltr'><strong>in</strong></span> <span class='ocrx_word' id='word_1_50' title='bbox 565 1288 684 1348; x_wconf 87' lang='lat' dir='ltr'><strong>llesiod.</strong></span> <span class='ocrx_word' id='word_1_51' title='bbox 699 1291 752 1365; x_wconf 81' lang='lat' dir='ltr'><strong>Op.</strong></span> <span class='ocrx_word' id='word_1_52' title='bbox 765 1302 793 1347; x_wconf 91' lang='lat' dir='ltr'><strong>et</strong></span> <span class='ocrx_word' id='word_1_53' title='bbox 813 1289 847 1349; x_wconf 91' lang='lat' dir='ltr'><strong>D.</strong></span> <span class='ocrx_word' id='word_1_54' title='bbox 866 1310 893 1368; x_wconf 93' lang='lat' dir='ltr'><strong>p.</strong></span> <span class='ocrx_word' id='word_1_55' title='bbox 915 1290 949 1347; x_wconf 80' lang='lat'><strong>15</strong></span> <span class='ocrx_word' id='word_1_56' title='bbox 968 1290 1015 1348; x_wconf 90' lang='lat' dir='ltr'><strong>ed.</strong></span> <span class='ocrx_word' id='word_1_57' title='bbox 1028 1291 1112 1351; x_wconf 87' lang='lat' dir='ltr'><strong>Gais-</strong></span> 
     </span>
     <span class='ocr_line' id='line_1_11' title="bbox 339 1374 1110 1457; baseline 0.005 -26"><span class='ocrx_word' id='word_1_58' title='bbox 339 1375 420 1447; x_wconf 85' lang='lat' dir='ltr'><strong>lord,</strong></span> <span class='ocrx_word' id='word_1_59' title='bbox 435 1376 485 1434; x_wconf 92' lang='lat' dir='ltr'><strong>ubi</strong></span> <span class='ocrx_word' id='word_1_60' title='bbox 498 1375 633 1434; x_wconf 88' lang='lat' dir='ltr'><strong>laudatur</strong></span> <span class='ocrx_word' id='word_1_61' title='bbox 649 1396 657 1431; x_wconf 73' lang='grc' dir='ltr'><strong><em>ε</em></strong></span> <span class='ocrx_word' id='word_1_62' title='bbox 675 1374 918 1453; x_wconf 74' lang='grc' dir='ltr'>Ἀριστοτέλης,</span> <span class='ocrx_word' id='word_1_63' title='bbox 933 1381 947 1435; x_wconf 86' lang='grc' dir='ltr'><strong>ὁ</strong></span> <span class='ocrx_word' id='word_1_64' title='bbox 961 1377 1110 1457; x_wconf 73' lang='grc' dir='ltr'>φιλόσοφος,</span> 
     </span>
     <span class='ocr_line' id='line_1_12' title="bbox 338 1452 1113 1547; baseline 0.01 -29"><span class='ocrx_word' id='word_1_65' title='bbox 338 1464 438 1537; x_wconf 73' lang='grc' dir='ltr'>μᾶλλον</span> <span class='ocrx_word' id='word_1_66' title='bbox 453 1463 475 1519; x_wconf 83' lang='grc' dir='ltr'><strong>δ’</strong></span> <span class='ocrx_word' id='word_1_67' title='bbox 491 1452 564 1537; x_wconf 79' lang='grc' dir='ltr'>οἶμαι</span> <span class='ocrx_word' id='word_1_68' title='bbox 579 1466 593 1519; x_wconf 79' lang='grc' dir='ltr'>ὁ</span> <span class='ocrx_word' id='word_1_69' title='bbox 607 1460 665 1527; x_wconf 78' lang='grc' dir='ltr'>τοὺς</span> <span class='ocrx_word' id='word_1_70' title='bbox 680 1460 801 1530; x_wconf 75' lang='grc' dir='ltr'>Πάπλους</span> <span class='ocrx_word' id='word_1_71' title='bbox 814 1462 950 1537; x_wconf 77' lang='grc' dir='ltr'>συντάξας,</span> <span class='ocrx_word' id='word_1_72' title='bbox 963 1468 989 1523; x_wconf 80' lang='grc' dir='ltr'>ἐν</span> <span class='ocrx_word' id='word_1_73' title='bbox 1004 1470 1037 1543; x_wconf 80' lang='grc' dir='ltr'><strong>τῇ</strong></span> <span class='ocrx_word' id='word_1_74' title='bbox 1052 1465 1113 1547; x_wconf 85' lang='grc' dir='ltr'><strong>’ορ-</strong></span> 
     </span>
     <span class='ocr_line' id='line_1_13' title="bbox 338 1548 1112 1631; baseline 0.008 -25"><span class='ocrx_word' id='word_1_75' title='bbox 338 1548 467 1627; x_wconf 74' lang='grc' dir='ltr'>χομενίων</span> <span class='ocrx_word' id='word_1_76' title='bbox 483 1549 626 1627; x_wconf 68' lang='grc' dir='ltr'>Πολιτεία,</span> <span class='ocrx_word' id='word_1_77' title='bbox 649 1549 821 1628; x_wconf 85' lang='lat' dir='ltr'><strong>praeclarum</strong></span> <span class='ocrx_word' id='word_1_78' title='bbox 844 1551 907 1627; x_wconf 88' lang='lat' dir='ltr'><strong>ejus</strong></span> <span class='ocrx_word' id='word_1_79' title='bbox 928 1552 980 1628; x_wconf 92' lang='lat' dir='ltr'><strong>qni</strong></span> <span class='ocrx_word' id='word_1_80' title='bbox 996 1554 1112 1631; x_wconf 86' lang='lat' dir='ltr'><strong>scripsit</strong></span> 
     </span>
     <span class='ocr_line' id='line_1_14' title="bbox 336 1637 1110 1717; baseline 0.006 -22"><span class='ocrx_word' id='word_1_81' title='bbox 336 1638 454 1716; x_wconf 67' lang='lat' dir='ltr'><strong>ineptia*</strong></span> <span class='ocrx_word' id='word_1_82' title='bbox 472 1637 678 1695; x_wconf 87' lang='lat' dir='ltr'><strong>documentum</strong></span> <span class='ocrx_word' id='word_1_83' title='bbox 691 1638 845 1710; x_wconf 85' lang='lat' dir='ltr'><strong>exhibent,</strong></span> <span class='ocrx_word' id='word_1_84' title='bbox 860 1641 969 1717; x_wconf 91' lang='lat' dir='ltr'><strong>quippe</strong></span> <span class='ocrx_word' id='word_1_85' title='bbox 990 1660 1071 1717; x_wconf 86' lang='lat' dir='ltr'><strong>quae,</strong></span> <span class='ocrx_word' id='word_1_86' title='bbox 1084 1643 1110 1700; x_wconf 93' lang='lat' dir='ltr'><strong>si</strong></span> 
     </span>
     <span class='ocr_line' id='line_1_15' title="bbox 335 1725 1111 1804; baseline 0.006 -22"><span class='ocrx_word' id='word_1_87' title='bbox 335 1743 370 1783; x_wconf 90' lang='lat' dir='ltr'><strong>ea</strong></span> <span class='ocrx_word' id='word_1_88' title='bbox 393 1744 409 1783; x_wconf 93' lang='lat' dir='ltr'><strong>e</strong></span> <span class='ocrx_word' id='word_1_89' title='bbox 433 1725 511 1783; x_wconf 92' lang='lat' dir='ltr'><strong>nudo</strong></span> <span class='ocrx_word' id='word_1_90' title='bbox 533 1746 620 1784; x_wconf 88' lang='lat' dir='ltr'><strong>sensu</strong></span> <span class='ocrx_word' id='word_1_91' title='bbox 647 1726 834 1804; x_wconf 89' lang='lat' dir='ltr'><strong>interpretari</strong></span> <span class='ocrx_word' id='word_1_92' title='bbox 861 1748 1011 1800; x_wconf 88' lang='lat' dir='ltr'><strong>conamur,</strong></span> <span class='ocrx_word' id='word_1_93' title='bbox 1036 1729 1111 1787; x_wconf 89' lang='lat' dir='ltr'><strong>nihil</strong></span> 
     </span>
     <span class='ocr_line' id='line_1_16' title="bbox 335 1812 1109 1895; baseline 0.006 -24"><span class='ocrx_word' id='word_1_94' title='bbox 335 1812 416 1871; x_wconf 82' lang='lat' dir='ltr'><strong>aliud</strong></span> <span class='ocrx_word' id='word_1_95' title='bbox 424 1814 598 1888; x_wconf 83' lang='lat' dir='ltr'><strong>significent,</strong></span> <span class='ocrx_word' id='word_1_96' title='bbox 611 1834 698 1891; x_wconf 86' lang='lat' dir='ltr'><strong>quant</strong></span> <span class='ocrx_word' id='word_1_97' title='bbox 711 1816 894 1874; x_wconf 86' lang='lat' dir='ltr'><strong>Aristotelem</strong></span> <span class='ocrx_word' id='word_1_98' title='bbox 903 1817 1109 1895; x_wconf 89' lang='lat' dir='ltr'><strong>philosophum</strong></span> 
     </span>
     <span class='ocr_line' id='line_1_17' title="bbox 337 1900 1110 1983; baseline 0.009 -25"><span class='ocrx_word' id='word_1_99' title='bbox 337 1900 439 1959; x_wconf 88' lang='lat' dir='ltr'><strong>abillo</strong></span> <span class='ocrx_word' id='word_1_100' title='bbox 455 1902 505 1978; x_wconf 92' lang='lat' dir='ltr'><strong>qui</strong></span> <span class='ocrx_word' id='word_1_101' title='bbox 520 1903 643 1961; x_wconf 89' lang='lat' dir='ltr'><strong>Politias</strong></span> <span class='ocrx_word' id='word_1_102' title='bbox 655 1916 684 1961; x_wconf 89' lang='lat' dir='ltr'><strong>et</strong></span> <span class='ocrx_word' id='word_1_103' title='bbox 698 1902 819 1981; x_wconf 84' lang='lat' dir='ltr'><strong>Peplunr</strong></span> <span class='ocrx_word' id='word_1_104' title='bbox 835 1908 1047 1983; x_wconf 80' lang='lat' dir='ltr'><strong>composuerit,</strong></span> <span class='ocrx_word' id='word_1_105' title='bbox 1068 1907 1110 1965; x_wconf 91' lang='lat' dir='ltr'><strong>di·</strong></span> 
     </span>
     <span class='ocr_line' id='line_1_18' title="bbox 336 1990 1111 2072; baseline 0.01 -27"><span class='ocrx_word' id='word_1_106' title='bbox 336 2008 453 2047; x_wconf 89' lang='lat' dir='ltr'><strong>rersum</strong></span> <span class='ocrx_word' id='word_1_107' title='bbox 480 1990 579 2049; x_wconf 86' lang='lat' dir='ltr'><strong>luisse.</strong></span> <span class='ocrx_word' id='word_1_108' title='bbox 602 1991 675 2059; x_wconf 83' lang='lat' dir='ltr'><strong>Quae</strong></span> <span class='ocrx_word' id='word_1_109' title='bbox 702 2004 757 2049; x_wconf 90' lang='lat' dir='ltr'><strong>tam</strong></span> <span class='ocrx_word' id='word_1_110' title='bbox 791 1991 917 2051; x_wconf 86' lang='lat' dir='ltr'><strong>absurda</strong></span> <span class='ocrx_word' id='word_1_111' title='bbox 944 2004 988 2051; x_wconf 89' lang='lat' dir='ltr'><strong>est</strong></span> <span class='ocrx_word' id='word_1_112' title='bbox 1011 1996 1111 2072; x_wconf 88' lang='lat' dir='ltr'><strong>opinio</strong></span> 
     </span>
     <span class='ocr_line' id='line_1_19' title="bbox 337 2078 1112 2157; baseline 0.01 -24"><span class='ocrx_word' id='word_1_113' title='bbox 337 2089 453 2155; x_wconf 91' lang='lat' dir='ltr'><strong>tamque</strong></span> <span class='ocrx_word' id='word_1_114' title='bbox 465 2078 561 2137; x_wconf 90' lang='lat' dir='ltr'><strong>aliena</strong></span> <span class='ocrx_word' id='word_1_115' title='bbox 575 2099 592 2137; x_wconf 92' lang='lat' dir='ltr'><strong>a</strong></span> <span class='ocrx_word' id='word_1_116' title='bbox 607 2080 695 2139; x_wconf 86' lang='lat' dir='ltr'><strong>totius</strong></span> <span class='ocrx_word' id='word_1_117' title='bbox 713 2081 894 2157; x_wconf 88' lang='lat' dir='ltr'><strong>antiquitatis</strong></span> <span class='ocrx_word' id='word_1_118' title='bbox 906 2100 1067 2153; x_wconf 88' lang='lat' dir='ltr'><strong>consensu,</strong></span> <span class='ocrx_word' id='word_1_119' title='bbox 1080 2097 1112 2142; x_wconf 95' lang='lat' dir='ltr'><strong>ut</strong></span> 
     </span>
     <span class='ocr_line' id='line_1_20' title="bbox 335 2166 1111 2247; baseline 0.009 -26"><span class='ocrx_word' id='word_1_120' title='bbox 335 2182 417 2239; x_wconf 88' lang='lat' dir='ltr'><strong>eam,</strong></span> <span class='ocrx_word' id='word_1_121' title='bbox 435 2166 503 2223; x_wconf 89' lang='lat' dir='ltr'><strong>licet</strong></span> <span class='ocrx_word' id='word_1_122' title='bbox 529 2166 618 2225; x_wconf 82' lang='lat' dir='ltr'><strong>Rusio</strong></span> <span class='ocrx_word' id='word_1_123' title='bbox 649 2168 781 2227; x_wconf 86' lang='lat' dir='ltr'><strong>arriserit</strong></span> <span class='ocrx_word' id='word_1_124' title='bbox 799 2170 828 2245; x_wconf 77' lang='lat' dir='ltr'><strong>(l.</strong></span> <span class='ocrx_word' id='word_1_125' title='bbox 851 2170 873 2229; x_wconf 94' lang='lat' dir='ltr'><strong>l.</strong></span> <span class='ocrx_word' id='word_1_126' title='bbox 893 2188 922 2247; x_wconf 87' lang='lat' dir='ltr'><strong>p.</strong></span> <span class='ocrx_word' id='word_1_127' title='bbox 950 2169 1030 2243; x_wconf 78' lang='lat'><strong>565),</strong></span> <span class='ocrx_word' id='word_1_128' title='bbox 1057 2190 1111 2245; x_wconf 88' lang='lat' dir='ltr'><strong>ego</strong></span> 
     </span>
     <span class='ocr_line' id='line_1_21' title="bbox 335 2251 1110 2331; baseline 0.008 -22"><span class='ocrx_word' id='word_1_129' title='bbox 335 2271 372 2310; x_wconf 88' lang='lat' dir='ltr'><strong>ne</strong></span> <span class='ocrx_word' id='word_1_130' title='bbox 384 2251 497 2311; x_wconf 82' lang='lat' dir='ltr'><strong>Taetaae</strong></span> <span class='ocrx_word' id='word_1_131' title='bbox 511 2255 628 2331; x_wconf 90' lang='lat' dir='ltr'><strong>quidem</strong></span> <span class='ocrx_word' id='word_1_132' title='bbox 642 2256 772 2315; x_wconf 87' lang='lat' dir='ltr'><strong>tribuere</strong></span> <span class='ocrx_word' id='word_1_133' title='bbox 784 2258 930 2317; x_wconf 87' lang='lat' dir='ltr'><strong>auderem.</strong></span> <span class='ocrx_word' id='word_1_134' title='bbox 940 2257 1018 2326; x_wconf 85' lang='lat' dir='ltr'><strong>Quid</strong></span> <span class='ocrx_word' id='word_1_135' title='bbox 1027 2277 1110 2330; x_wconf 90' lang='lat' dir='ltr'><strong>vero,</strong></span> 
     </span>
     <span class='ocr_line' id='line_1_22' title="bbox 332 2340 1111 2422; baseline 0.006 -23"><span class='ocrx_word' id='word_1_136' title='bbox 332 2340 358 2399; x_wconf 91' lang='lat' dir='ltr'><strong>si</strong></span> <span class='ocrx_word' id='word_1_137' title='bbox 381 2341 470 2400; x_wconf 89' lang='lat' dir='ltr'><strong>homo</strong></span> <span class='ocrx_word' id='word_1_138' title='bbox 497 2343 607 2401; x_wconf 90' lang='lat' dir='ltr'><strong>sciolus</strong></span> <span class='ocrx_word' id='word_1_139' title='bbox 634 2357 721 2421; x_wconf 91' lang='lat' dir='ltr'><strong>atque</strong></span> <span class='ocrx_word' id='word_1_140' title='bbox 747 2343 887 2403; x_wconf 87' lang='lat' dir='ltr'><strong>doctrinae</strong></span> <span class='ocrx_word' id='word_1_141' title='bbox 917 2346 1111 2422; x_wconf 88' lang='lat' dir='ltr'><strong>undecunque</strong></span> 
     </span>
     <span class='ocr_line' id='line_1_23' title="bbox 333 2432 1111 2506; baseline 0.01 -20"><span class='ocrx_word' id='word_1_142' title='bbox 333 2444 457 2506; x_wconf 73' lang='lat' dir='ltr'><strong>arreptae</strong></span> <span class='ocrx_word' id='word_1_143' title='bbox 472 2432 658 2489; x_wconf 89' lang='lat' dir='ltr'><strong>incontinens</strong></span> <span class='ocrx_word' id='word_1_144' title='bbox 668 2475 676 2503; x_wconf 96' lang='lat'><strong>,</strong></span> <span class='ocrx_word' id='word_1_145' title='bbox 686 2433 830 2491; x_wconf 84' lang='lat' dir='ltr'><strong>inductus</strong></span> <span class='ocrx_word' id='word_1_146' title='bbox 843 2434 960 2492; x_wconf 82' lang='lat' dir='ltr'><strong>fortasse</strong></span> <span class='ocrx_word' id='word_1_147' title='bbox 972 2434 1018 2491; x_wconf 82' lang='lat' dir='ltr'><strong>rel</strong></span> <span class='ocrx_word' id='word_1_148' title='bbox 1034 2456 1111 2494; x_wconf 90' lang='lat' dir='ltr'><strong>men·</strong></span> 
     </span>
     <span class='ocr_line' id='line_1_24' title="bbox 335 2519 1110 2599; baseline 0.008 -23"><span class='ocrx_word' id='word_1_149' title='bbox 335 2519 417 2577; x_wconf 90' lang='lat' dir='ltr'><strong>tione</strong></span> <span class='ocrx_word' id='word_1_150' title='bbox 431 2520 568 2597; x_wconf 85' lang='lat' dir='ltr'><strong>Dionysii</strong></span> <span class='ocrx_word' id='word_1_151' title='bbox 583 2520 788 2598; x_wconf 83' lang='lat' dir='ltr'><strong>cyclograplri,</strong></span> <span class='ocrx_word' id='word_1_152' title='bbox 800 2541 886 2597; x_wconf 87' lang='lat' dir='ltr'><strong>quam</strong></span> <span class='ocrx_word' id='word_1_153' title='bbox 903 2525 933 2578; x_wconf 89' lang='lat' dir='ltr'><strong>in</strong></span> <span class='ocrx_word' id='word_1_154' title='bbox 947 2524 1110 2599; x_wconf 84' lang='lat' dir='ltr'><strong>praeceden·</strong></span> 
     </span>
     <span class='ocr_line' id='line_1_25' title="bbox 334 2605 1109 2686; baseline 0.008 -22"><span class='ocrx_word' id='word_1_155' title='bbox 334 2605 416 2665; x_wconf 87' lang='lat' dir='ltr'><strong>tibus</strong></span> <span class='ocrx_word' id='word_1_156' title='bbox 434 2607 539 2665; x_wconf 86' lang='lat' dir='ltr'><strong>lecerat</strong></span> <span class='ocrx_word' id='word_1_157' title='bbox 553 2607 603 2686; x_wconf 85' lang='lat' dir='ltr'><strong>(cf.</strong></span> <span class='ocrx_word' id='word_1_158' title='bbox 622 2607 737 2668; x_wconf 82' lang='lat' dir='ltr'><strong>llliiller.</strong></span> <span class='ocrx_word' id='word_1_159' title='bbox 751 2608 865 2683; x_wconf 83' lang='lat' dir='ltr'><strong>Fragm.</strong></span> <span class='ocrx_word' id='word_1_160' title='bbox 881 2608 955 2669; x_wconf 91' lang='lat' dir='ltr'><strong>llist.</strong></span> <span class='ocrx_word' id='word_1_161' title='bbox 976 2630 1020 2685; x_wconf 88' lang='lat' dir='ltr'><strong>gr.</strong></span> <span class='ocrx_word' id='word_1_162' title='bbox 1033 2624 1055 2670; x_wconf 93' lang='lat' dir='ltr'><strong>t.</strong></span> <span class='ocrx_word' id='word_1_163' title='bbox 1071 2611 1109 2681; x_wconf 91' lang='lat' dir='ltr'><strong>ll,</strong></span> 
     </span>
     <span class='ocr_line' id='line_1_26' title="bbox 334 2696 1108 2774; baseline 0.004 -22"><span class='ocrx_word' id='word_1_164' title='bbox 334 2714 366 2772; x_wconf 91' lang='lat' dir='ltr'><strong>p.</strong></span> <span class='ocrx_word' id='word_1_165' title='bbox 386 2714 421 2752; x_wconf 86' lang='grc' dir='ltr'>ιο</span> <span class='ocrx_word' id='word_1_166' title='bbox 443 2708 473 2752; x_wconf 88' lang='lat' dir='ltr'><strong>et</strong></span> <span class='ocrx_word' id='word_1_167' title='bbox 494 2696 605 2771; x_wconf 83' lang='lat' dir='ltr'><strong>Bergk,</strong></span> <span class='ocrx_word' id='word_1_168' title='bbox 628 2696 725 2754; x_wconf 83' lang='lat' dir='ltr'><strong>Poetae</strong></span> <span class='ocrx_word' id='word_1_169' title='bbox 746 2700 801 2773; x_wconf 91' lang='lat' dir='ltr'><strong>lyr.</strong></span> <span class='ocrx_word' id='word_1_170' title='bbox 825 2716 870 2773; x_wconf 89' lang='lat' dir='ltr'><strong>gr.</strong></span> <span class='ocrx_word' id='word_1_171' title='bbox 890 2717 919 2774; x_wconf 88' lang='lat' dir='ltr'><strong>p.</strong></span> <span class='ocrx_word' id='word_1_172' title='bbox 943 2698 1001 2764; x_wconf 89' lang='grc'><strong>648</strong></span> <span class='ocrx_word' id='word_1_173' title='bbox 1016 2717 1047 2755; x_wconf 89' lang='lat' dir='ltr'><strong>n.</strong></span> <span class='ocrx_word' id='word_1_174' title='bbox 1062 2698 1108 2755; x_wconf 88' lang='lat' dir='ltr'><strong>ed.</strong></span> 
     </span>
     <span class='ocr_line' id='line_1_27' title="bbox 335 2783 1111 2863; baseline 0.006 -24"><span class='ocrx_word' id='word_1_175' title='bbox 335 2783 458 2861; x_wconf 80' lang='lat' dir='ltr'><strong>tertiae),</strong></span> <span class='ocrx_word' id='word_1_176' title='bbox 484 2784 531 2841; x_wconf 83' lang='lat' dir='ltr'><strong>rel</strong></span> <span class='ocrx_word' id='word_1_177' title='bbox 555 2785 633 2861; x_wconf 91' lang='lat' dir='ltr'><strong>quod</strong></span> <span class='ocrx_word' id='word_1_178' title='bbox 657 2784 693 2842; x_wconf 91' lang='lat' dir='ltr'><strong>de</strong></span> <span class='ocrx_word' id='word_1_179' title='bbox 717 2785 872 2863; x_wconf 80' lang='lat' dir='ltr'><strong>sepulcrali</strong></span> <span class='ocrx_word' id='word_1_180' title='bbox 901 2785 985 2843; x_wconf 91' lang='lat' dir='ltr'><strong>titulo</strong></span> <span class='ocrx_word' id='word_1_181' title='bbox 1014 2786 1111 2860; x_wconf 83' lang='lat' dir='ltr'><strong>agitur</strong></span> 
     </span>
     <span class='ocr_line' id='line_1_28' title="bbox 334 2870 1110 2951; baseline 0.005 -24"><span class='ocrx_word' id='word_1_182' title='bbox 334 2889 421 2947; x_wconf 89' lang='lat' dir='ltr'><strong>quem</strong></span> <span class='ocrx_word' id='word_1_183' title='bbox 444 2875 474 2929; x_wconf 91' lang='lat' dir='ltr'><strong>in</strong></span> <span class='ocrx_word' id='word_1_184' title='bbox 497 2870 590 2949; x_wconf 88' lang='lat' dir='ltr'><strong>Peplo</strong></span> <span class='ocrx_word' id='word_1_185' title='bbox 603 2892 721 2949; x_wconf 89' lang='lat' dir='ltr'><strong>quoque</strong></span> <span class='ocrx_word' id='word_1_186' title='bbox 735 2873 860 2949; x_wconf 84' lang='lat' dir='ltr'><strong>legerat,</strong></span> <span class='ocrx_word' id='word_1_187' title='bbox 876 2886 1037 2951; x_wconf 87' lang='lat' dir='ltr'><strong>temperare</strong></span> <span class='ocrx_word' id='word_1_188' title='bbox 1051 2893 1110 2931; x_wconf 94' lang='lat' dir='ltr'><strong>non</strong></span> 
     </span>
     <span class='ocr_line' id='line_1_29' title="bbox 336 2960 1111 3039; baseline 0.003 -24"><span class='ocrx_word' id='word_1_189' title='bbox 336 2960 442 3036; x_wconf 91' lang='lat' dir='ltr'><strong>potuit,</strong></span> <span class='ocrx_word' id='word_1_190' title='bbox 454 2961 526 3035; x_wconf 91' lang='lat' dir='ltr'><strong>quin</strong></span> <span class='ocrx_word' id='word_1_191' title='bbox 540 2960 614 3019; x_wconf 90' lang='lat' dir='ltr'><strong>banc</strong></span> <span class='ocrx_word' id='word_1_192' title='bbox 627 2980 708 3019; x_wconf 91' lang='lat' dir='ltr'><strong>suam</strong></span> <span class='ocrx_word' id='word_1_193' title='bbox 723 2962 792 3019; x_wconf 88' lang='lat' dir='ltr'><strong>satis</strong></span> <span class='ocrx_word' id='word_1_194' title='bbox 805 2962 904 3039; x_wconf 88' lang='lat' dir='ltr'><strong>inepto</strong></span> <span class='ocrx_word' id='word_1_195' title='bbox 917 2962 982 3018; x_wconf 89' lang='lat' dir='ltr'><strong>loco</strong></span> <span class='ocrx_word' id='word_1_196' title='bbox 993 2960 1111 3019; x_wconf 87' lang='lat' dir='ltr'><strong>adderet</strong></span> 
     </span>
     <span class='ocr_line' id='line_1_30' title="bbox 336 3022 1108 3126; baseline 0.005 -23"><span class='ocrx_word' id='word_1_197' title='bbox 336 3022 611 3124; x_wconf 68' lang='lat' dir='ltr'><strong>conjecturamt‘tn</strong></span> <span class='ocrx_word' id='word_1_198' title='bbox 635 3068 692 3125; x_wconf 87' lang='lat' dir='ltr'><strong>qua</strong></span> <span class='ocrx_word' id='word_1_199' title='bbox 717 3048 791 3106; x_wconf 92' lang='lat' dir='ltr'><strong>nihil</strong></span> <span class='ocrx_word' id='word_1_200' title='bbox 817 3052 881 3107; x_wconf 85' lang='lat' dir='ltr'><strong>veri</strong></span> <span class='ocrx_word' id='word_1_201' title='bbox 905 3049 999 3107; x_wconf 89' lang='lat' dir='ltr'><strong>inesse</strong></span> <span class='ocrx_word' id='word_1_202' title='bbox 1022 3060 1108 3126; x_wconf 91' lang='lat' dir='ltr'><strong>puto,</strong></span> 
     </span>
     <span class='ocr_line' id='line_1_31' title="bbox 335 3136 1110 3216; baseline 0.001 -21"><span class='ocrx_word' id='word_1_203' title='bbox 335 3148 443 3216; x_wconf 83' lang='lat' dir='ltr'><strong>praeter</strong></span> <span class='ocrx_word' id='word_1_204' title='bbox 471 3136 546 3194; x_wconf 89' lang='lat' dir='ltr'><strong>illud</strong></span> <span class='ocrx_word' id='word_1_205' title='bbox 573 3150 686 3208; x_wconf 73' lang='grc' dir='ltr'>τουτου,</span> <span class='ocrx_word' id='word_1_206' title='bbox 714 3137 793 3214; x_wconf 93' lang='lat' dir='ltr'><strong>quod</strong></span> <span class='ocrx_word' id='word_1_207' title='bbox 815 3136 900 3214; x_wconf 88' lang='lat' dir='ltr'><strong>Pepli</strong></span> <span class='ocrx_word' id='word_1_208' title='bbox 925 3151 1071 3195; x_wconf 89' lang='lat' dir='ltr'><strong>auctorem</strong></span> <span class='ocrx_word' id='word_1_209' title='bbox 1093 3158 1110 3196; x_wconf 89' lang='lat' dir='ltr'><strong>a</strong></span> 
     </span>
     <span class='ocr_line' id='line_1_32' title="bbox 335 3221 1110 3303; baseline 0.003 -22"><span class='ocrx_word' id='word_1_210' title='bbox 335 3222 513 3303; x_wconf 88' lang='lat' dir='ltr'><strong>philosopho</strong></span> <span class='ocrx_word' id='word_1_211' title='bbox 523 3221 670 3282; x_wconf 85' lang='lat' dir='ltr'><strong>diversum</strong></span> <span class='ocrx_word' id='word_1_212' title='bbox 682 3242 745 3282; x_wconf 88' lang='lat' dir='ltr'><strong>esse</strong></span> <span class='ocrx_word' id='word_1_213' title='bbox 757 3222 883 3282; x_wconf 89' lang='lat' dir='ltr'><strong>obscura</strong></span> <span class='ocrx_word' id='word_1_214' title='bbox 895 3224 1018 3301; x_wconf 88' lang='lat' dir='ltr'><strong>quadam</strong></span> <span class='ocrx_word' id='word_1_215' title='bbox 1035 3226 1110 3283; x_wconf 88' lang='lat' dir='ltr'><strong>sama</strong></span> 
     </span>
     <span class='ocr_line' id='line_1_33' title="bbox 333 3309 1109 3387; baseline 0.001 -18"><span class='ocrx_word' id='word_1_216' title='bbox 333 3309 474 3369; x_wconf 87' lang='lat' dir='ltr'><strong>audierat.</strong></span> <span class='ocrx_word' id='word_1_217' title='bbox 490 3310 576 3379; x_wconf 87' lang='lat' dir='ltr'><strong>Quod</strong></span> <span class='ocrx_word' id='word_1_218' title='bbox 593 3324 621 3368; x_wconf 88' lang='lat' dir='ltr'><strong>et</strong></span> <span class='ocrx_word' id='word_1_219' title='bbox 636 3314 711 3369; x_wconf 91' lang='lat' dir='ltr'><strong>alins</strong></span> <span class='ocrx_word' id='word_1_220' title='bbox 732 3310 796 3387; x_wconf 85' lang='lat' dir='ltr'><strong>ejus</strong></span> <span class='ocrx_word' id='word_1_221' title='bbox 817 3312 901 3370; x_wconf 88' lang='lat' dir='ltr'><strong>locus</strong></span> <span class='ocrx_word' id='word_1_222' title='bbox 916 3324 1045 3372; x_wconf 89' lang='lat' dir='ltr'><strong>testatur.</strong></span> <span class='ocrx_word' id='word_1_223' title='bbox 1066 3313 1109 3372; x_wconf 90' lang='lat' dir='ltr'><strong>lta</strong></span> 
     </span>
     <span class='ocr_line' id='line_1_34' title="bbox 332 3398 1110 3477; baseline 0.001 -21"><span class='ocrx_word' id='word_1_224' title='bbox 332 3399 452 3456; x_wconf 90' lang='lat' dir='ltr'><strong>enimin</strong></span> <span class='ocrx_word' id='word_1_225' title='bbox 466 3398 580 3457; x_wconf 84' lang='lat' dir='ltr'><strong>Comm.</strong></span> <span class='ocrx_word' id='word_1_226' title='bbox 595 3399 631 3456; x_wconf 88' lang='lat' dir='ltr'><strong>ad</strong></span> <span class='ocrx_word' id='word_1_227' title='bbox 646 3399 792 3477; x_wconf 87' lang='lat' dir='ltr'><strong>Lycophr.</strong></span> <span class='ocrx_word' id='word_1_228' title='bbox 808 3418 838 3457; x_wconf 84' lang='lat' dir='ltr'><strong>r.</strong></span> <span class='ocrx_word' id='word_1_229' title='bbox 855 3400 912 3467; x_wconf 84' lang='grc'><strong>448</strong></span> <span class='ocrx_word' id='word_1_230' title='bbox 927 3398 980 3458; x_wconf 83' lang='lat'><strong>:‘0</strong></span> <span class='ocrx_word' id='word_1_231' title='bbox 991 3398 1110 3476; x_wconf 84' lang='grc' dir='ltr'>Ἀγκαῖος</span> 
     </span>
     <span class='ocr_line' id='line_1_35' title="bbox 334 3482 1109 3556; baseline 0.003 -12"><span class='ocrx_word' id='word_1_232' title='bbox 334 3485 389 3551; x_wconf 78' lang='grc' dir='ltr'>υἱὸς</span> <span class='ocrx_word' id='word_1_233' title='bbox 407 3482 444 3542; x_wconf 82' lang='grc' dir='ltr'>ὢν</span> <span class='ocrx_word' id='word_1_234' title='bbox 461 3487 624 3551; x_wconf 78' lang='grc' dir='ltr'>Ποσειδῶνος</span> <span class='ocrx_word' id='word_1_235' title='bbox 640 3487 686 3543; x_wconf 85' lang='grc' dir='ltr'>καὶ</span> <span class='ocrx_word' id='word_1_236' title='bbox 701 3484 895 3551; x_wconf 66' lang='grc' dir='ltr'>Ἀστυπαλαίας</span> <span class='ocrx_word' id='word_1_237' title='bbox 919 3490 965 3556; x_wconf 76' lang='grc' dir='ltr'><strong>τῆς</strong></span> <span class='ocrx_word' id='word_1_238' title='bbox 987 3487 1109 3554; x_wconf 78' lang='grc' dir='ltr'>Φοίνικος</span> 
     </span>
     <span class='ocr_line' id='line_1_36' title="bbox 335 3570 1109 3651; baseline 0.001 -20"><span class='ocrx_word' id='word_1_239' title='bbox 335 3571 474 3651; x_wconf 73' lang='grc' dir='ltr'>άρύττυστν</span> <span class='ocrx_word' id='word_1_240' title='bbox 493 3570 612 3647; x_wconf 81' lang='grc' dir='ltr'>άμπτλον</span> <span class='ocrx_word' id='word_1_241' title='bbox 632 3573 701 3631; x_wconf 75' lang='grc' dir='ltr'>κατὰ</span> <span class='ocrx_word' id='word_1_242' title='bbox 723 3572 958 3650; x_wconf 81' lang='grc' dir='ltr'>Ἀριστοτέλην</span> <span class='ocrx_word' id='word_1_243' title='bbox 982 3573 1026 3631; x_wconf 77' lang='grc' dir='ltr'><strong>τὸν</strong></span> <span class='ocrx_word' id='word_1_244' title='bbox 1050 3572 1109 3642; x_wconf 76' lang='grc' dir='ltr'>τοὺς</span> 
     </span>
     <span class='ocr_line' id='line_1_37' title="bbox 337 3659 1110 3729; baseline 0.003 -10"><span class='ocrx_word' id='word_1_245' title='bbox 337 3659 456 3725; x_wconf 81' lang='grc' dir='ltr'>Πέπλως</span> <span class='ocrx_word' id='word_1_246' title='bbox 473 3659 644 3729; x_wconf 79' lang='grc' dir='ltr'>συντάξαντα.</span> <span class='ocrx_word' id='word_1_247' title='bbox 667 3660 734 3718; x_wconf 88' lang='lat' dir='ltr'><strong>llaec</strong></span> <span class='ocrx_word' id='word_1_248' title='bbox 758 3662 791 3718; x_wconf 93' lang='lat' dir='ltr'><strong>in</strong></span> <span class='ocrx_word' id='word_1_249' title='bbox 814 3660 976 3719; x_wconf 86' lang='lat' dir='ltr'><strong>Samiorum</strong></span> <span class='ocrx_word' id='word_1_250' title='bbox 1002 3661 1110 3721; x_wconf 84' lang='lat' dir='ltr'><strong>Politia</strong></span> 
     </span>
     <span class='ocr_line' id='line_1_38' title="bbox 334 3748 1109 3810; baseline 0.003 -2"><span class='ocrx_word' id='word_1_251' title='bbox 334 3749 372 3808; x_wconf 91' lang='lat' dir='ltr'><strong>de</strong></span> <span class='ocrx_word' id='word_1_252' title='bbox 392 3750 491 3806; x_wconf 85' lang='lat' dir='ltr'><strong>Ancaei</strong></span> <span class='ocrx_word' id='word_1_253' title='bbox 515 3748 685 3808; x_wconf 87' lang='lat' dir='ltr'><strong>viticultura</strong></span> <span class='ocrx_word' id='word_1_254' title='bbox 709 3762 828 3807; x_wconf 87' lang='lat' dir='ltr'><strong>narrata</strong></span> <span class='ocrx_word' id='word_1_255' title='bbox 850 3750 940 3808; x_wconf 84' lang='lat' dir='ltr'><strong>luisse</strong></span> <span class='ocrx_word' id='word_1_256' title='bbox 961 3770 1028 3808; x_wconf 89' lang='lat' dir='ltr'><strong>cnm</strong></span> <span class='ocrx_word' id='word_1_257' title='bbox 1053 3753 1109 3810; x_wconf 87' lang='lat' dir='ltr'><strong>alia</strong></span> 
     </span>
     <span class='ocr_line' id='line_1_39' title="bbox 333 3836 1110 3917; baseline 0.003 -22"><span class='ocrx_word' id='word_1_258' title='bbox 333 3836 545 3911; x_wconf 86' lang='lat' dir='ltr'><strong>demonstrant,</strong></span> <span class='ocrx_word' id='word_1_259' title='bbox 555 3850 615 3895; x_wconf 89' lang='lat' dir='ltr'><strong>tum</strong></span> <span class='ocrx_word' id='word_1_260' title='bbox 626 3838 788 3915; x_wconf 75' lang='lat' dir='ltr'><strong>praesertim</strong></span> <span class='ocrx_word' id='word_1_261' title='bbox 799 3837 960 3896; x_wconf 84' lang='lat' dir='ltr'><strong>Heraclidis</strong></span> <span class='ocrx_word' id='word_1_262' title='bbox 968 3837 1110 3917; x_wconf 87' lang='lat' dir='ltr'><strong>Excerpta</strong></span> 
     </span>
     <span class='ocr_line' id='line_1_40' title="bbox 333 3925 1109 4005; baseline 0.006 -22"><span class='ocrx_word' id='word_1_263' title='bbox 333 3925 382 4003; x_wconf 71' lang='lat' dir='ltr'><strong>(cf.</strong></span> <span class='ocrx_word' id='word_1_264' title='bbox 397 3944 485 4003; x_wconf 89' lang='lat' dir='ltr'><strong>supra</strong></span> <span class='ocrx_word' id='word_1_265' title='bbox 501 3926 604 4001; x_wconf 88' lang='lat' dir='ltr'><strong>lragm.</strong></span> <span class='ocrx_word' id='word_1_266' title='bbox 620 3926 706 4003; x_wconf 83' lang='lat'><strong>567),</strong></span> <span class='ocrx_word' id='word_1_267' title='bbox 720 3928 761 3983; x_wconf 92' lang='lat' dir='ltr'><strong>ita</strong></span> <span class='ocrx_word' id='word_1_268' title='bbox 775 3937 821 3996; x_wconf 88' lang='lat' dir='ltr'><strong>ut,</strong></span> <span class='ocrx_word' id='word_1_269' title='bbox 840 3926 908 3985; x_wconf 90' lang='lat' dir='ltr'><strong>licet</strong></span> <span class='ocrx_word' id='word_1_270' title='bbox 922 3927 1051 4005; x_wconf 88' lang='lat' dir='ltr'><strong>ejusdem</strong></span> <span class='ocrx_word' id='word_1_271' title='bbox 1067 3932 1109 3988; x_wconf 90' lang='lat' dir='ltr'><strong>rei</strong></span> 
     </span>
     <span class='ocr_line' id='line_1_41' title="bbox 331 4012 1109 4093; baseline 0.008 -22"><span class='ocrx_word' id='word_1_272' title='bbox 331 4012 464 4091; x_wconf 88' lang='lat' dir='ltr'><strong>inPeplo</strong></span> <span class='ocrx_word' id='word_1_273' title='bbox 486 4033 603 4091; x_wconf 91' lang='lat' dir='ltr'><strong>quoque</strong></span> <span class='ocrx_word' id='word_1_274' title='bbox 616 4016 724 4072; x_wconf 90' lang='lat' dir='ltr'><strong>mentio</strong></span> <span class='ocrx_word' id='word_1_275' title='bbox 742 4014 806 4073; x_wconf 87' lang='lat' dir='ltr'><strong>lieri</strong></span> <span class='ocrx_word' id='word_1_276' title='bbox 825 4016 963 4093; x_wconf 90' lang='lat' dir='ltr'><strong>potuerit,</strong></span> <span class='ocrx_word' id='word_1_277' title='bbox 983 4016 1109 4077; x_wconf 86' lang='lat' dir='ltr'><strong>libenter</strong></span> 
     </span>
     <span class='ocr_line' id='line_1_42' title="bbox 331 4100 1109 4183; baseline 0.008 -25"><span class='ocrx_word' id='word_1_278' title='bbox 331 4100 526 4173; x_wconf 85' lang='lat' dir='ltr'><strong>crediderim,</strong></span> <span class='ocrx_word' id='word_1_279' title='bbox 544 4100 594 4160; x_wconf 87' lang='lat' dir='ltr'><strong>hic</strong></span> <span class='ocrx_word' id='word_1_280' title='bbox 619 4120 720 4161; x_wconf 86' lang='lat' dir='ltr'><strong>rursus</strong></span> <span class='ocrx_word' id='word_1_281' title='bbox 745 4102 879 4161; x_wconf 84' lang='lat' dir='ltr'><strong>Tactzem</strong></span> <span class='ocrx_word' id='word_1_282' title='bbox 905 4105 1109 4183; x_wconf 82' lang='lat' dir='ltr'><strong>intempestive</strong></span> 
     </span>
     <span class='ocr_line' id='line_1_43' title="bbox 333 4188 696 4251; baseline 0.011 -5"><span class='ocrx_word' id='word_1_283' title='bbox 333 4188 470 4247; x_wconf 86' lang='lat' dir='ltr'><strong>doctrina</strong></span> <span class='ocrx_word' id='word_1_284' title='bbox 487 4190 609 4249; x_wconf 87' lang='lat' dir='ltr'><strong>abusum</strong></span> <span class='ocrx_word' id='word_1_285' title='bbox 625 4210 696 4251; x_wconf 87' lang='lat' dir='ltr'><strong>esse.</strong></span> 
     </span>
    </p>

    <p class='ocr_par' dir='ltr' id='par_1_3' title="bbox 331 4275 1110 4970">
     <span class='ocr_line' id='line_1_44' title="bbox 371 4275 1107 4355; baseline 0.01 -22"><span class='ocrx_word' id='word_1_286' title='bbox 371 4275 483 4335; x_wconf 84' lang='lat' dir='ltr'><strong>Praeter</strong></span> <span class='ocrx_word' id='word_1_287' title='bbox 492 4276 566 4335; x_wconf 93' lang='lat' dir='ltr'><strong>illud</strong></span> <span class='ocrx_word' id='word_1_288' title='bbox 581 4298 651 4335; x_wconf 81' lang='lat' dir='ltr'><strong>vero</strong></span> <span class='ocrx_word' id='word_1_289' title='bbox 668 4276 747 4355; x_wconf 91' lang='lat' dir='ltr'><strong>quod</strong></span> <span class='ocrx_word' id='word_1_290' title='bbox 758 4281 908 4353; x_wconf 90' lang='lat' dir='ltr'><strong>hucusque</strong></span> <span class='ocrx_word' id='word_1_291' title='bbox 926 4283 1107 4355; x_wconf 89' lang='lat' dir='ltr'><strong>notavimus,</strong></span> 
     </span>
     <span class='ocr_line' id='line_1_45' title="bbox 331 4363 1109 4441; baseline 0.01 -21"><span class='ocrx_word' id='word_1_292' title='bbox 331 4363 413 4421; x_wconf 90' lang='lat' dir='ltr'><strong>aliud</strong></span> <span class='ocrx_word' id='word_1_293' title='bbox 429 4384 547 4441; x_wconf 92' lang='lat' dir='ltr'><strong>quoque</strong></span> <span class='ocrx_word' id='word_1_294' title='bbox 561 4378 604 4423; x_wconf 89' lang='lat' dir='ltr'><strong>est</strong></span> <span class='ocrx_word' id='word_1_295' title='bbox 618 4365 654 4422; x_wconf 93' lang='lat' dir='ltr'><strong>de</strong></span> <span class='ocrx_word' id='word_1_296' title='bbox 673 4384 732 4441; x_wconf 90' lang='lat' dir='ltr'><strong>quo</strong></span> <span class='ocrx_word' id='word_1_297' title='bbox 750 4367 936 4425; x_wconf 88' lang='lat' dir='ltr'><strong>consentiunt</strong></span> <span class='ocrx_word' id='word_1_298' title='bbox 949 4366 1109 4428; x_wconf 84' lang='lat' dir='ltr'><strong>Scholiasta</strong></span> 
     </span>
     <span class='ocr_line' id='line_1_46' title="bbox 334 4450 1110 4528; baseline 0.004 -17"><span class='ocrx_word' id='word_1_299' title='bbox 334 4450 471 4511; x_wconf 77' lang='lat' dir='ltr'><strong>Aristidis</strong></span> <span class='ocrx_word' id='word_1_300' title='bbox 494 4465 580 4528; x_wconf 90' lang='lat' dir='ltr'><strong>atque</strong></span> <span class='ocrx_word' id='word_1_301' title='bbox 606 4451 737 4511; x_wconf 71' lang='lat' dir='ltr'><strong>&#39;ssetses</strong></span> <span class='ocrx_word' id='word_1_302' title='bbox 761 4452 859 4522; x_wconf 87' lang='lat' dir='ltr'><strong>Quum</strong></span> <span class='ocrx_word' id='word_1_303' title='bbox 883 4454 962 4510; x_wconf 91' lang='lat' dir='ltr'><strong>enim</strong></span> <span class='ocrx_word' id='word_1_304' title='bbox 988 4474 1048 4512; x_wconf 92' lang='lat' dir='ltr'><strong>non</strong></span> <span class='ocrx_word' id='word_1_305' title='bbox 1073 4456 1110 4515; x_wconf 90' lang='lat' dir='ltr'><strong>de</strong></span> 
     </span>
     <span class='ocr_line' id='line_1_47' title="bbox 331 4539 1108 4619; baseline 0.009 -24"><span class='ocrx_word' id='word_1_306' title='bbox 331 4540 435 4613; x_wconf 77' lang='lat' dir='ltr'><strong>Papio,</strong></span> <span class='ocrx_word' id='word_1_307' title='bbox 452 4539 519 4611; x_wconf 89' lang='lat' dir='ltr'><strong>sed,</strong></span> <span class='ocrx_word' id='word_1_308' title='bbox 534 4540 642 4617; x_wconf 84' lang='lat' dir='ltr'><strong>plurali</strong></span> <span class='ocrx_word' id='word_1_309' title='bbox 661 4558 794 4615; x_wconf 88' lang='lat' dir='ltr'><strong>numero,</strong></span> <span class='ocrx_word' id='word_1_310' title='bbox 810 4540 846 4598; x_wconf 89' lang='lat' dir='ltr'><strong>de</strong></span> <span class='ocrx_word' id='word_1_311' title='bbox 859 4544 966 4617; x_wconf 81' lang='lat' dir='ltr'><strong>Paptis,</strong></span> <span class='ocrx_word' id='word_1_312' title='bbox 981 4542 1108 4619; x_wconf 90' lang='lat' dir='ltr'><strong>loquan-</strong></span> 
     </span>
     <span class='ocr_line' id='line_1_48' title="bbox 332 4626 1109 4703; baseline 0.012 -22"><span class='ocrx_word' id='word_1_313' title='bbox 332 4635 392 4694; x_wconf 88' lang='lat' dir='ltr'><strong>tur,</strong></span> <span class='ocrx_word' id='word_1_314' title='bbox 409 4626 497 4683; x_wconf 91' lang='lat' dir='ltr'><strong>totius</strong></span> <span class='ocrx_word' id='word_1_315' title='bbox 521 4628 619 4703; x_wconf 91' lang='lat' dir='ltr'><strong>operis</strong></span> <span class='ocrx_word' id='word_1_316' title='bbox 642 4628 742 4703; x_wconf 89' lang='lat' dir='ltr'><strong>plures</strong></span> <span class='ocrx_word' id='word_1_317' title='bbox 760 4627 852 4686; x_wconf 90' lang='lat' dir='ltr'><strong>libros</strong></span> <span class='ocrx_word' id='word_1_318' title='bbox 872 4630 961 4687; x_wconf 85' lang='lat' dir='ltr'><strong>luisse</strong></span> <span class='ocrx_word' id='word_1_319' title='bbox 979 4630 1109 4690; x_wconf 84' lang='lat' dir='ltr'><strong>indicare</strong></span> 
     </span>
     <span class='ocr_line' id='line_1_49' title="bbox 333 4710 1108 4797; baseline 0.014 -30"><span class='ocrx_word' id='word_1_320' title='bbox 333 4710 482 4785; x_wconf 85' lang='lat' dir='ltr'><strong>ridentur,</strong></span> <span class='ocrx_word' id='word_1_321' title='bbox 500 4732 624 4790; x_wconf 91' lang='lat' dir='ltr'><strong>qnorum</strong></span> <span class='ocrx_word' id='word_1_322' title='bbox 641 4715 751 4791; x_wconf 80' lang='lat' dir='ltr'><strong>singuli</strong></span> <span class='ocrx_word' id='word_1_323' title='bbox 765 4713 886 4775; x_wconf 79' lang='lat' dir='ltr'><strong>sortasse</strong></span> <span class='ocrx_word' id='word_1_324' title='bbox 901 4715 1024 4797; x_wconf 88' lang='lat' dir='ltr'><strong>Peplum</strong></span> <span class='ocrx_word' id='word_1_325' title='bbox 1045 4719 1108 4777; x_wconf 86' lang='lat' dir='ltr'><strong>elfi-</strong></span> 
     </span>
     <span class='ocr_line' id='line_1_50' title="bbox 333 4798 1108 4874; baseline 0.012 -18"><span class='ocrx_word' id='word_1_326' title='bbox 333 4798 461 4860; x_wconf 85' lang='lat' dir='ltr'><strong>ciebant.</strong></span> <span class='ocrx_word' id='word_1_327' title='bbox 476 4800 561 4869; x_wconf 87' lang='lat' dir='ltr'><strong>Quod</strong></span> <span class='ocrx_word' id='word_1_328' title='bbox 575 4803 680 4861; x_wconf 91' lang='lat' dir='ltr'><strong>deinde</strong></span> <span class='ocrx_word' id='word_1_329' title='bbox 696 4804 866 4863; x_wconf 89' lang='lat' dir='ltr'><strong>Aristoteles</strong></span> <span class='ocrx_word' id='word_1_330' title='bbox 878 4805 1035 4865; x_wconf 79' lang='lat' dir='ltr'><strong>laudaturi</strong></span> <span class='ocrx_word' id='word_1_331' title='bbox 1049 4805 1108 4874; x_wconf 78' lang='lat' dir='ltr'><strong>rob&lt;</strong></span> 
     </span>
     <span class='ocr_line' id='line_1_51' title="bbox 336 4885 1108 4970; baseline 0.009 -23"><span class='ocrx_word' id='word_1_332' title='bbox 336 4885 460 4953; x_wconf 82' lang='grc' dir='ltr'>Πέπλους</span> <span class='ocrx_word' id='word_1_333' title='bbox 475 4888 600 4957; x_wconf 71' lang='grc' dir='ltr'>συντάξας</span> <span class='ocrx_word' id='word_1_334' title='bbox 612 4892 676 4949; x_wconf 84' lang='lat' dir='ltr'><strong>sire</strong></span> <span class='ocrx_word' id='word_1_335' title='bbox 692 4890 809 4965; x_wconf 71' lang='grc' dir='ltr'>συνθείς,</span> <span class='ocrx_word' id='word_1_336' title='bbox 825 4893 964 4970; x_wconf 90' lang='lat' dir='ltr'><strong>ostendit,</strong></span> <span class='ocrx_word' id='word_1_337' title='bbox 978 4896 1036 4955; x_wconf 89' lang='lat' dir='ltr'><strong>nisi</strong></span> <span class='ocrx_word' id='word_1_338' title='bbox 1053 4896 1108 4954; x_wconf 88' lang='lat' dir='ltr'><strong>fal-</strong></span> 
     </span>
    </p>
   </div>
   <div class='ocr_carea' id='block_1_3' title="bbox 328 5116 1108 5317">
    <p class='ocr_par' dir='ltr' id='par_1_4' title="bbox 328 5116 1108 5317">
     <span class='ocr_line' id='line_1_52' title="bbox 357 5116 1108 5185; baseline 0.024 -24"><span class='ocrx_word' id='word_1_339' title='bbox 357 5116 429 5173; x_wconf 82' lang='lat' dir='ltr'><strong>(niu</strong></span> <span class='ocrx_word' id='word_1_340' title='bbox 438 5116 652 5175; x_wconf 78' lang='lat' dir='ltr'><strong>odmeaontectura</strong></span> <span class='ocrx_word' id='word_1_341' title='bbox 662 5124 894 5183; x_wconf 62' lang='grc' dir='ltr'>τουτουὶτουτουὶ,</span> <span class='ocrx_word' id='word_1_342' title='bbox 904 5137 949 5184; x_wconf 78' lang='grc' dir='ltr'>ιντο</span> <span class='ocrx_word' id='word_1_343' title='bbox 959 5128 992 5185; x_wconf 75' lang='grc' dir='ltr'><strong>εἰς</strong></span> <span class='ocrx_word' id='word_1_344' title='bbox 1007 5129 1108 5184; x_wconf 74' lang='grc' dir='ltr'>πέπλους</span> 
     </span>
     <span class='ocr_line' id='line_1_53' title="bbox 328 5189 1104 5253; baseline 0.009 -16"><span class='ocrx_word' id='word_1_345' title='bbox 328 5189 430 5253; x_wconf 77' lang='grc' dir='ltr'>συνθείς,</span> <span class='ocrx_word' id='word_1_346' title='bbox 442 5200 513 5245; x_wconf 82' lang='lat' dir='ltr'><strong>quam</strong></span> <span class='ocrx_word' id='word_1_347' title='bbox 531 5192 688 5247; x_wconf 70' lang='lat' dir='ltr'><strong>murmurans</strong></span> <span class='ocrx_word' id='word_1_348' title='bbox 709 5194 858 5241; x_wconf 83' lang='lat' dir='ltr'><strong>oanttrmsrtt</strong></span> <span class='ocrx_word' id='word_1_349' title='bbox 875 5195 927 5241; x_wconf 84' lang='lat' dir='ltr'><strong>aad.</strong></span> <span class='ocrx_word' id='word_1_350' title='bbox 945 5198 1104 5245; x_wconf 70' lang='grc' dir='ltr'>Μοτααοοαο</span> 
     </span>
     <span class='ocr_line' id='line_1_54' title="bbox 328 5256 537 5317; baseline 0.01 -12"><span class='ocrx_word' id='word_1_351' title='bbox 328 5256 399 5305; x_wconf 74' lang='lat' dir='ltr'><strong>noan</strong></span> <span class='ocrx_word' id='word_1_352' title='bbox 412 5260 537 5317; x_wconf 80' lang='lat' dir='ltr'><strong>inspectus.</strong></span> 
     </span>
    </p>
   </div>
   <div class='ocr_carea' id='block_1_4' title="bbox 1166 587 1943 931">
    <p class='ocr_par' dir='ltr' id='par_1_5' title="bbox 1166 587 1940 668">
     <span class='ocr_line' id='line_1_55' title="bbox 1166 587 1940 668; baseline 0.006 -23"><span class='ocrx_word' id='word_1_353' title='bbox 1166 587 1223 660; x_wconf 89' lang='lat' dir='ltr'><strong>lor,</strong></span> <span class='ocrx_word' id='word_1_354' title='bbox 1237 588 1273 646; x_wconf 89' lang='lat' dir='ltr'><strong>de</strong></span> <span class='ocrx_word' id='word_1_355' title='bbox 1283 589 1472 666; x_wconf 88' lang='lat' dir='ltr'><strong>compilatore</strong></span> <span class='ocrx_word' id='word_1_356' title='bbox 1485 590 1582 666; x_wconf 89' lang='lat' dir='ltr'><strong>potius</strong></span> <span class='ocrx_word' id='word_1_357' title='bbox 1599 590 1725 667; x_wconf 86' lang='lat' dir='ltr'><strong>quodam</strong></span> <span class='ocrx_word' id='word_1_358' title='bbox 1737 592 1796 667; x_wconf 87' lang='lat' dir='ltr'><strong>agi,</strong></span> <span class='ocrx_word' id='word_1_359' title='bbox 1805 611 1894 668; x_wconf 84' lang='lat' dir='ltr'><strong>quatu</strong></span> <span class='ocrx_word' id='word_1_360' title='bbox 1906 592 1940 650; x_wconf 88' lang='lat' dir='ltr'><strong>de</strong></span> 
     </span>
    </p>

    <p class='ocr_par' dir='ltr' id='par_1_6' title="bbox 1166 676 1942 843">
     <span class='ocr_line' id='line_1_56' title="bbox 1166 676 1902 755; baseline 0.004 -21"><span class='ocrx_word' id='word_1_361' title='bbox 1166 678 1310 751; x_wconf 88' lang='lat' dir='ltr'><strong>scriptore</strong></span> <span class='ocrx_word' id='word_1_362' title='bbox 1324 676 1420 753; x_wconf 91' lang='lat' dir='ltr'><strong>qualis</strong></span> <span class='ocrx_word' id='word_1_363' title='bbox 1438 676 1607 735; x_wconf 89' lang='lat' dir='ltr'><strong>Aristoteles</strong></span> <span class='ocrx_word' id='word_1_364' title='bbox 1627 677 1822 755; x_wconf 89' lang='lat' dir='ltr'><strong>philosophus</strong></span> <span class='ocrx_word' id='word_1_365' title='bbox 1838 680 1902 737; x_wconf 88' lang='lat' dir='ltr'><strong>suit.</strong></span> 
     </span>
     <span class='ocr_line' id='line_1_57' title="bbox 1207 764 1942 843; baseline 0.005 -22"><span class='ocrx_word' id='word_1_366' title='bbox 1207 765 1253 822; x_wconf 87' lang='lat' dir='ltr'><strong>Ad</strong></span> <span class='ocrx_word' id='word_1_367' title='bbox 1276 764 1337 823; x_wconf 73' lang='lat' dir='ltr'><strong>haec</strong></span> <span class='ocrx_word' id='word_1_368' title='bbox 1357 785 1428 824; x_wconf 88' lang='lat' dir='ltr'><strong>vero</strong></span> <span class='ocrx_word' id='word_1_369' title='bbox 1453 784 1552 843; x_wconf 90' lang='lat' dir='ltr'><strong>perse</strong></span> <span class='ocrx_word' id='word_1_370' title='bbox 1570 766 1633 841; x_wconf 85' lang='lat' dir='ltr'><strong>jam</strong></span> <span class='ocrx_word' id='word_1_371' title='bbox 1651 766 1732 824; x_wconf 86' lang='lat' dir='ltr'><strong>satis·</strong></span> <span class='ocrx_word' id='word_1_372' title='bbox 1745 768 1848 841; x_wconf 78' lang='lat' dir='ltr'><strong>gravia</strong></span> <span class='ocrx_word' id='word_1_373' title='bbox 1863 770 1942 825; x_wconf 88' lang='lat' dir='ltr'><strong>testi-</strong></span> 
     </span>
    </p>

    <p class='ocr_par' dir='ltr' id='par_1_7' title="bbox 1167 852 1943 931">
     <span class='ocr_line' id='line_1_58' title="bbox 1167 852 1943 931; baseline 0.004 -22"><span class='ocrx_word' id='word_1_374' title='bbox 1167 854 1276 924; x_wconf 90' lang='lat' dir='ltr'><strong>monia,</strong></span> <span class='ocrx_word' id='word_1_375' title='bbox 1292 854 1357 911; x_wconf 83' lang='lat' dir='ltr'><strong>aliae</strong></span> <span class='ocrx_word' id='word_1_376' title='bbox 1372 866 1513 931; x_wconf 86' lang='lat' dir='ltr'><strong>praeterea</strong></span> <span class='ocrx_word' id='word_1_377' title='bbox 1527 852 1666 910; x_wconf 90' lang='lat' dir='ltr'><strong>accedunt</strong></span> <span class='ocrx_word' id='word_1_378' title='bbox 1679 853 1817 925; x_wconf 90' lang='lat' dir='ltr'><strong>rationes,</strong></span> <span class='ocrx_word' id='word_1_379' title='bbox 1833 853 1943 929; x_wconf 86' lang='lat' dir='ltr'><strong>quibus</strong></span> 
     </span>
    </p>
   </div>
   <div class='ocr_carea' id='block_1_5' title="bbox 1167 938 2039 1017">
    <p class='ocr_par' dir='ltr' id='par_1_8' title="bbox 1167 938 2039 1017">
     <span class='ocr_line' id='line_1_59' title="bbox 1167 938 2039 1017; baseline -0.005 -21"><span class='ocrx_word' id='word_1_380' title='bbox 1167 940 1297 997; x_wconf 90' lang='lat' dir='ltr'><strong>adducor</strong></span> <span class='ocrx_word' id='word_1_381' title='bbox 1307 953 1340 997; x_wconf 92' lang='lat' dir='ltr'><strong>ut</strong></span> <span class='ocrx_word' id='word_1_382' title='bbox 1352 940 1473 1017; x_wconf 91' lang='lat' dir='ltr'><strong>Peplum</strong></span> <span class='ocrx_word' id='word_1_383' title='bbox 1484 938 1628 1013; x_wconf 83' lang='lat' dir='ltr'><strong>Stagiritae</strong></span> <span class='ocrx_word' id='word_1_384' title='bbox 1640 938 1870 1016; x_wconf 83' lang='lat' dir='ltr'><strong>abjudicandum</strong></span> <span class='ocrx_word' id='word_1_385' title='bbox 1880 959 1942 997; x_wconf 86' lang='lat' dir='ltr'><strong>esse</strong></span> <span class='ocrx_word' id='word_1_386' title='bbox 2037 989 2039 992; x_wconf 86' lang='lat'><strong>.</strong></span> 
     </span>
    </p>
   </div>
   <div class='ocr_carea' id='block_1_6' title="bbox 1165 1026 1943 2507">
    <p class='ocr_par' dir='ltr' id='par_1_9' title="bbox 1165 1026 1943 2507">
     <span class='ocr_line' id='line_1_60' title="bbox 1166 1026 1943 1104; baseline 0.001 -21"><span class='ocrx_word' id='word_1_387' title='bbox 1166 1047 1311 1085; x_wconf 86' lang='lat' dir='ltr'><strong>censeam.</strong></span> <span class='ocrx_word' id='word_1_388' title='bbox 1328 1027 1364 1085; x_wconf 86' lang='lat' dir='ltr'><strong>Et</strong></span> <span class='ocrx_word' id='word_1_389' title='bbox 1378 1027 1497 1103; x_wconf 92' lang='lat' dir='ltr'><strong>quidem</strong></span> <span class='ocrx_word' id='word_1_390' title='bbox 1512 1026 1641 1104; x_wconf 91' lang='lat' dir='ltr'><strong>primum</strong></span> <span class='ocrx_word' id='word_1_391' title='bbox 1657 1028 1774 1085; x_wconf 86' lang='lat' dir='ltr'><strong>titulum</strong></span> <span class='ocrx_word' id='word_1_392' title='bbox 1792 1028 1825 1085; x_wconf 92' lang='lat' dir='ltr'><strong>in</strong></span> <span class='ocrx_word' id='word_1_393' title='bbox 1844 1027 1943 1085; x_wconf 85' lang='lat' dir='ltr'><strong>indice</strong></span> 
     </span>
     <span class='ocr_line' id='line_1_61' title="bbox 1167 1114 1943 1193; baseline 0.003 -22"><span class='ocrx_word' id='word_1_394' title='bbox 1167 1116 1308 1191; x_wconf 84' lang='lat' dir='ltr'><strong>Diogenis</strong></span> <span class='ocrx_word' id='word_1_395' title='bbox 1332 1114 1431 1172; x_wconf 89' lang='lat' dir='ltr'><strong>deesse</strong></span> <span class='ocrx_word' id='word_1_396' title='bbox 1450 1114 1532 1171; x_wconf 89' lang='lat' dir='ltr'><strong>nullo</strong></span> <span class='ocrx_word' id='word_1_397' title='bbox 1548 1114 1635 1171; x_wconf 90' lang='lat' dir='ltr'><strong>modo</strong></span> <span class='ocrx_word' id='word_1_398' title='bbox 1652 1116 1751 1190; x_wconf 88' lang='lat' dir='ltr'><strong>negari</strong></span> <span class='ocrx_word' id='word_1_399' title='bbox 1773 1128 1881 1193; x_wconf 88' lang='lat' dir='ltr'><strong>potest.</strong></span> <span class='ocrx_word' id='word_1_400' title='bbox 1903 1117 1943 1172; x_wconf 87' lang='lat' dir='ltr'><strong>De</strong></span> 
     </span>
     <span class='ocr_line' id='line_1_62' title="bbox 1167 1201 1943 1280; baseline 0.005 -22"><span class='ocrx_word' id='word_1_401' title='bbox 1167 1201 1221 1258; x_wconf 91' lang='lat' dir='ltr'><strong>hac</strong></span> <span class='ocrx_word' id='word_1_402' title='bbox 1231 1222 1263 1258; x_wconf 90' lang='lat' dir='ltr'><strong>re</strong></span> <span class='ocrx_word' id='word_1_403' title='bbox 1275 1201 1506 1259; x_wconf 85' lang='lat' dir='ltr'><strong>satisinleliciter</strong></span> <span class='ocrx_word' id='word_1_404' title='bbox 1514 1202 1767 1262; x_wconf 80' lang='lat' dir='ltr'><strong>Schneidewinum</strong></span> <span class='ocrx_word' id='word_1_405' title='bbox 1776 1204 1943 1280; x_wconf 83' lang='lat' dir='ltr'><strong>disputasse</strong></span> 
     </span>
     <span class='ocr_line' id='line_1_63' title="bbox 1167 1290 1942 1371; baseline 0.003 -25"><span class='ocrx_word' id='word_1_406' title='bbox 1167 1304 1250 1367; x_wconf 89' lang='lat' dir='ltr'><strong>puto.</strong></span> <span class='ocrx_word' id='word_1_407' title='bbox 1263 1290 1333 1359; x_wconf 74' lang='lat' dir='ltr'><strong>Quas</strong></span> <span class='ocrx_word' id='word_1_408' title='bbox 1344 1291 1422 1348; x_wconf 91' lang='lat' dir='ltr'><strong>enim</strong></span> <span class='ocrx_word' id='word_1_409' title='bbox 1435 1291 1529 1349; x_wconf 87' lang='lat' dir='ltr'><strong>voluit</strong></span> <span class='ocrx_word' id='word_1_410' title='bbox 1538 1293 1585 1350; x_wconf 82' lang='lat' dir='ltr'><strong>vir</strong></span> <span class='ocrx_word' id='word_1_411' title='bbox 1595 1291 1817 1371; x_wconf 90' lang='lat' dir='ltr'><strong>doctissimus(l.</strong></span> <span class='ocrx_word' id='word_1_412' title='bbox 1832 1293 1851 1350; x_wconf 91' lang='lat' dir='ltr'><strong>l.</strong></span> <span class='ocrx_word' id='word_1_413' title='bbox 1863 1313 1894 1369; x_wconf 93' lang='lat' dir='ltr'><strong>p.</strong></span> <span class='ocrx_word' id='word_1_414' title='bbox 1909 1312 1942 1348; x_wconf 84' lang='lat' dir='ltr'><strong>so</strong></span> 
     </span>
     <span class='ocr_line' id='line_1_64' title="bbox 1167 1377 1942 1456; baseline -0.001 -21"><span class='ocrx_word' id='word_1_415' title='bbox 1167 1378 1239 1454; x_wconf 81' lang='lat' dir='ltr'><strong>sq),</strong></span> <span class='ocrx_word' id='word_1_416' title='bbox 1262 1377 1409 1456; x_wconf 86' lang='lat' dir='ltr'><strong>duplicem</strong></span> <span class='ocrx_word' id='word_1_417' title='bbox 1430 1379 1528 1455; x_wconf 90' lang='lat' dir='ltr'><strong>operis</strong></span> <span class='ocrx_word' id='word_1_418' title='bbox 1555 1379 1644 1438; x_wconf 83' lang='lat' dir='ltr'><strong>luisse</strong></span> <span class='ocrx_word' id='word_1_419' title='bbox 1668 1379 1783 1438; x_wconf 92' lang='lat' dir='ltr'><strong>titulum</strong></span> <span class='ocrx_word' id='word_1_420' title='bbox 1807 1378 1942 1446; x_wconf 76' lang='grc' dir='ltr'>Πέτλοςῆ</span> 
     </span>
     <span class='ocr_line' id='line_1_65' title="bbox 1166 1458 1942 1544; baseline -0.003 -21"><span class='ocrx_word' id='word_1_421' title='bbox 1166 1458 1297 1523; x_wconf 84' lang='grc' dir='ltr'>Ἀτακτα·</span> <span class='ocrx_word' id='word_1_422' title='bbox 1314 1463 1404 1543; x_wconf 56' lang='lat' dir='ltr'><strong>prilla</strong></span> <span class='ocrx_word' id='word_1_423' title='bbox 1419 1462 1465 1537; x_wconf 68' lang='lat' dir='ltr'><strong>cd,</strong></span> <span class='ocrx_word' id='word_1_424' title='bbox 1478 1466 1519 1523; x_wconf 88' lang='lat' dir='ltr'><strong>ita</strong></span> <span class='ocrx_word' id='word_1_425' title='bbox 1532 1478 1578 1538; x_wconf 90' lang='lat' dir='ltr'><strong>ut,</strong></span> <span class='ocrx_word' id='word_1_426' title='bbox 1590 1468 1691 1544; x_wconf 91' lang='lat' dir='ltr'><strong>priore</strong></span> <span class='ocrx_word' id='word_1_427' title='bbox 1708 1466 1829 1540; x_wconf 88' lang='lat' dir='ltr'><strong>omisso,</strong></span> <span class='ocrx_word' id='word_1_428' title='bbox 1845 1478 1942 1543; x_wconf 89' lang='lat' dir='ltr'><strong>poste-</strong></span> 
     </span>
     <span class='ocr_line' id='line_1_66' title="bbox 1168 1553 1943 1632; baseline 0 -23"><span class='ocrx_word' id='word_1_429' title='bbox 1168 1554 1231 1611; x_wconf 87' lang='lat' dir='ltr'><strong>rior</strong></span> <span class='ocrx_word' id='word_1_430' title='bbox 1261 1553 1461 1611; x_wconf 88' lang='lat' dir='ltr'><strong>tantummodo</strong></span> <span class='ocrx_word' id='word_1_431' title='bbox 1494 1554 1572 1632; x_wconf 89' lang='lat' dir='ltr'><strong>apud</strong></span> <span class='ocrx_word' id='word_1_432' title='bbox 1604 1555 1765 1629; x_wconf 84' lang='lat' dir='ltr'><strong>Diogenem</strong></span> <span class='ocrx_word' id='word_1_433' title='bbox 1794 1553 1943 1611; x_wconf 82' lang='lat' dir='ltr'><strong>Laertiam</strong></span> 
     </span>
     <span class='ocr_line' id='line_1_67' title="bbox 1168 1639 1942 1719; baseline 0 -23"><span class='ocrx_word' id='word_1_434' title='bbox 1168 1639 1249 1719; x_wconf 79' lang='lat'><strong>(127)</strong></span> <span class='ocrx_word' id='word_1_435' title='bbox 1265 1641 1478 1712; x_wconf 90' lang='lat' dir='ltr'><strong>nominaretur,</strong></span> <span class='ocrx_word' id='word_1_436' title='bbox 1494 1644 1549 1699; x_wconf 86' lang='lat' dir='ltr'><strong>rix</strong></span> <span class='ocrx_word' id='word_1_437' title='bbox 1572 1641 1712 1699; x_wconf 89' lang='lat' dir='ltr'><strong>credibile</strong></span> <span class='ocrx_word' id='word_1_438' title='bbox 1735 1641 1846 1699; x_wconf 86' lang='lat' dir='ltr'><strong>efficiet</strong></span> <span class='ocrx_word' id='word_1_439' title='bbox 1867 1641 1942 1717; x_wconf 89' lang='lat' dir='ltr'><strong>quod</strong></span> 
     </span>
     <span class='ocr_line' id='line_1_68' title="bbox 1167 1726 1942 1807; baseline 0.001 -22"><span class='ocrx_word' id='word_1_440' title='bbox 1167 1728 1245 1806; x_wconf 92' lang='lat' dir='ltr'><strong>apud</strong></span> <span class='ocrx_word' id='word_1_441' title='bbox 1260 1728 1379 1787; x_wconf 88' lang='lat' dir='ltr'><strong>Suidam</strong></span> <span class='ocrx_word' id='word_1_442' title='bbox 1398 1730 1507 1803; x_wconf 89' lang='lat' dir='ltr'><strong>legitur</strong></span> <span class='ocrx_word' id='word_1_443' title='bbox 1521 1748 1547 1791; x_wconf 90' lang='lat' dir='ltr'><strong>s.</strong></span> <span class='ocrx_word' id='word_1_444' title='bbox 1561 1751 1593 1790; x_wconf 89' lang='lat' dir='ltr'><strong>v.</strong></span> <span class='ocrx_word' id='word_1_445' title='bbox 1607 1727 1760 1807; x_wconf 76' lang='grc' dir='ltr'>Εὐφορίων,</span> <span class='ocrx_word' id='word_1_446' title='bbox 1773 1726 1904 1807; x_wconf 65' lang='grc' dir='ltr'>Μσψοαία</span> <span class='ocrx_word' id='word_1_447' title='bbox 1925 1726 1942 1797; x_wconf 72' lang='grc' dir='ltr'>ἢ</span> 
     </span>
     <span class='ocr_line' id='line_1_69' title="bbox 1167 1815 1940 1897; baseline 0.001 -24"><span class='ocrx_word' id='word_1_448' title='bbox 1167 1817 1267 1874; x_wconf 74' lang='grc' dir='ltr'>ἄτακτα</span> <span class='ocrx_word' id='word_1_449' title='bbox 1279 1862 1287 1893; x_wconf 94' lang='grc'>,</span> <span class='ocrx_word' id='word_1_450' title='bbox 1298 1815 1352 1895; x_wconf 80' lang='grc' dir='ltr'>ἔχει</span> <span class='ocrx_word' id='word_1_451' title='bbox 1364 1815 1415 1894; x_wconf 73' lang='grc' dir='ltr'><strong>γάρ</strong></span> <span class='ocrx_word' id='word_1_452' title='bbox 1429 1820 1567 1894; x_wconf 77' lang='grc' dir='ltr'>συμμιγεῖς</span> <span class='ocrx_word' id='word_1_453' title='bbox 1577 1815 1708 1897; x_wconf 71' lang='grc' dir='ltr'>ἱστορίας,</span> <span class='ocrx_word' id='word_1_454' title='bbox 1717 1836 1784 1874; x_wconf 88' lang='lat' dir='ltr'><strong>cum</strong></span> <span class='ocrx_word' id='word_1_455' title='bbox 1796 1817 1940 1892; x_wconf 82' lang='lat' dir='ltr'><strong>Anonymi</strong></span> 
     </span>
     <span class='ocr_line' id='line_1_70' title="bbox 1167 1900 1939 1980; baseline -0.001 -19"><span class='ocrx_word' id='word_1_456' title='bbox 1167 1903 1264 1962; x_wconf 89' lang='lat' dir='ltr'><strong>indice</strong></span> <span class='ocrx_word' id='word_1_457' title='bbox 1276 1904 1411 1962; x_wconf 87' lang='lat' dir='ltr'><strong>collatum</strong></span> <span class='ocrx_word' id='word_1_458' title='bbox 1426 1925 1433 1959; x_wconf 88' lang='lat'>:</span> <span class='ocrx_word' id='word_1_459' title='bbox 1447 1903 1563 1962; x_wconf 79' lang='grc' dir='ltr'>Πέτλον·</span> <span class='ocrx_word' id='word_1_460' title='bbox 1576 1903 1693 1980; x_wconf 74' lang='grc' dir='ltr'>περιέχει</span> <span class='ocrx_word' id='word_1_461' title='bbox 1700 1901 1729 1960; x_wconf 78' lang='grc' dir='ltr'><strong>δὲ</strong></span> <span class='ocrx_word' id='word_1_462' title='bbox 1739 1902 1857 1980; x_wconf 76' lang='grc' dir='ltr'>ἱστορίαν</span> <span class='ocrx_word' id='word_1_463' title='bbox 1871 1900 1939 1976; x_wconf 80' lang='grc' dir='ltr'>σάμ-</span> 
     </span>
     <span class='ocr_line' id='line_1_71' title="bbox 1167 1991 1941 2070; baseline 0.001 -22"><span class='ocrx_word' id='word_1_464' title='bbox 1167 2014 1271 2068; x_wconf 83' lang='grc' dir='ltr'>μικτον.</span> <span class='ocrx_word' id='word_1_465' title='bbox 1288 1993 1405 2069; x_wconf 83' lang='lat' dir='ltr'><strong>Duplex</strong></span> <span class='ocrx_word' id='word_1_466' title='bbox 1421 1993 1530 2053; x_wconf 91' lang='lat' dir='ltr'><strong>mentio</strong></span> <span class='ocrx_word' id='word_1_467' title='bbox 1545 1991 1629 2069; x_wconf 86' lang='lat' dir='ltr'><strong>Pepli</strong></span> <span class='ocrx_word' id='word_1_468' title='bbox 1645 2010 1711 2070; x_wconf 84' lang='lat' dir='ltr'><strong>quae</strong></span> <span class='ocrx_word' id='word_1_469' title='bbox 1733 1991 1813 2069; x_wconf 91' lang='lat' dir='ltr'><strong>apud</strong></span> <span class='ocrx_word' id='word_1_470' title='bbox 1828 1992 1941 2066; x_wconf 79' lang='lat' dir='ltr'><strong>Anony-</strong></span> 
     </span>
     <span class='ocr_line' id='line_1_72' title="bbox 1167 2075 1938 2166; baseline 0.003 -30"><span class='ocrx_word' id='word_1_471' title='bbox 1167 2100 1246 2139; x_wconf 88' lang='lat' dir='ltr'><strong>mum</strong></span> <span class='ocrx_word' id='word_1_472' title='bbox 1261 2083 1304 2153; x_wconf 85' lang='lat' dir='ltr'><strong>lit,</strong></span> <span class='ocrx_word' id='word_1_473' title='bbox 1324 2081 1399 2139; x_wconf 82' lang='lat' dir='ltr'><strong>nibil</strong></span> <span class='ocrx_word' id='word_1_474' title='bbox 1413 2081 1500 2140; x_wconf 91' lang='lat' dir='ltr'><strong>habet</strong></span> <span class='ocrx_word' id='word_1_475' title='bbox 1510 2081 1589 2159; x_wconf 89' lang='lat' dir='ltr'><strong>quod</strong></span> <span class='ocrx_word' id='word_1_476' title='bbox 1611 2075 1765 2166; x_wconf 63' lang='lat' dir='ltr'><strong>miremur,</strong></span> <span class='ocrx_word' id='word_1_477' title='bbox 1779 2100 1872 2155; x_wconf 90' lang='lat' dir='ltr'><strong>quum</strong></span> <span class='ocrx_word' id='word_1_478' title='bbox 1890 2080 1938 2138; x_wconf 90' lang='lat' dir='ltr'><strong>du·</strong></span> 
     </span>
     <span class='ocr_line' id='line_1_73' title="bbox 1165 2166 1937 2243; baseline 0.003 -21"><span class='ocrx_word' id='word_1_479' title='bbox 1165 2170 1231 2243; x_wconf 84' lang='lat' dir='ltr'><strong>plex</strong></span> <span class='ocrx_word' id='word_1_480' title='bbox 1251 2170 1289 2225; x_wconf 91' lang='lat' dir='ltr'><strong>sit</strong></span> <span class='ocrx_word' id='word_1_481' title='bbox 1303 2167 1367 2243; x_wconf 88' lang='lat' dir='ltr'><strong>ejus</strong></span> <span class='ocrx_word' id='word_1_482' title='bbox 1383 2168 1472 2226; x_wconf 82' lang='lat' dir='ltr'><strong>iudex</strong></span> <span class='ocrx_word' id='word_1_483' title='bbox 1488 2188 1496 2228; x_wconf 78' lang='lat' dir='ltr'><strong>t</strong></span> <span class='ocrx_word' id='word_1_484' title='bbox 1512 2168 1559 2227; x_wconf 92' lang='lat' dir='ltr'><strong>bis</strong></span> <span class='ocrx_word' id='word_1_485' title='bbox 1576 2189 1647 2227; x_wconf 85' lang='lat' dir='ltr'><strong>vero</strong></span> <span class='ocrx_word' id='word_1_486' title='bbox 1662 2168 1694 2227; x_wconf 92' lang='lat' dir='ltr'><strong>in</strong></span> <span class='ocrx_word' id='word_1_487' title='bbox 1715 2167 1817 2225; x_wconf 86' lang='lat' dir='ltr'><strong>eadem</strong></span> <span class='ocrx_word' id='word_1_488' title='bbox 1836 2166 1937 2225; x_wconf 88' lang='lat' dir='ltr'><strong>indicis</strong></span> 
     </span>
     <span class='ocr_line' id='line_1_74' title="bbox 1166 2246 1940 2331; baseline 0 -20"><span class='ocrx_word' id='word_1_489' title='bbox 1166 2265 1249 2331; x_wconf 86' lang='lat' dir='ltr'><strong>parte</strong></span> <span class='ocrx_word' id='word_1_490' title='bbox 1262 2255 1386 2313; x_wconf 91' lang='lat' dir='ltr'><strong>eundem</strong></span> <span class='ocrx_word' id='word_1_491' title='bbox 1399 2268 1589 2313; x_wconf 90' lang='lat' dir='ltr'><strong>memoratum</strong></span> <span class='ocrx_word' id='word_1_492' title='bbox 1606 2275 1669 2313; x_wconf 87' lang='lat' dir='ltr'><strong>esse</strong></span> <span class='ocrx_word' id='word_1_493' title='bbox 1686 2254 1797 2314; x_wconf 81' lang='lat' dir='ltr'><strong>librom</strong></span> <span class='ocrx_word' id='word_1_494' title='bbox 1807 2298 1815 2324; x_wconf 90' lang='lat'><strong>‚</strong></span> <span class='ocrx_word' id='word_1_495' title='bbox 1827 2246 1940 2311; x_wconf 82' lang='lat' dir='ltr'><strong>nonest</strong></span> 
     </span>
     <span class='ocr_line' id='line_1_75' title="bbox 1167 2341 1938 2421; baseline -0.001 -21"><span class='ocrx_word' id='word_1_496' title='bbox 1167 2363 1220 2400; x_wconf 89' lang='lat' dir='ltr'><strong>cur</strong></span> <span class='ocrx_word' id='word_1_497' title='bbox 1243 2343 1405 2401; x_wconf 88' lang='lat' dir='ltr'><strong>credamus.</strong></span> <span class='ocrx_word' id='word_1_498' title='bbox 1422 2346 1462 2401; x_wconf 90' lang='lat' dir='ltr'><strong>De</strong></span> <span class='ocrx_word' id='word_1_499' title='bbox 1485 2344 1571 2401; x_wconf 90' lang='lat' dir='ltr'><strong>libris</strong></span> <span class='ocrx_word' id='word_1_500' title='bbox 1584 2341 1717 2403; x_wconf 85' lang='grc' dir='ltr'>Ἀτάκτων</span> <span class='ocrx_word' id='word_1_501' title='bbox 1742 2343 1820 2421; x_wconf 91' lang='lat' dir='ltr'><strong>apud</strong></span> <span class='ocrx_word' id='word_1_502' title='bbox 1834 2342 1938 2416; x_wconf 85' lang='lat' dir='ltr'><strong>Dioge·</strong></span> 
     </span>
     <span class='ocr_line' id='line_1_76' title="bbox 1166 2428 1938 2507; baseline 0 -21"><span class='ocrx_word' id='word_1_503' title='bbox 1166 2450 1247 2501; x_wconf 93' lang='lat' dir='ltr'><strong>nem,</strong></span> <span class='ocrx_word' id='word_1_504' title='bbox 1263 2449 1337 2507; x_wconf 89' lang='lat' dir='ltr'><strong>quos</strong></span> <span class='ocrx_word' id='word_1_505' title='bbox 1354 2430 1430 2487; x_wconf 90' lang='lat' dir='ltr'><strong>male</strong></span> <span class='ocrx_word' id='word_1_506' title='bbox 1444 2430 1598 2489; x_wconf 84' lang='grc' dir='ltr'>Διατάκτων</span> <span class='ocrx_word' id='word_1_507' title='bbox 1622 2428 1658 2488; x_wconf 70' lang='grc' dir='ltr'><strong>ιδ’</strong></span> <span class='ocrx_word' id='word_1_508' title='bbox 1672 2431 1791 2487; x_wconf 90' lang='lat' dir='ltr'><strong>nomine</strong></span> <span class='ocrx_word' id='word_1_509' title='bbox 1811 2443 1938 2487; x_wconf 83' lang='lat' dir='ltr'><strong>recenset</strong></span> 
     </span>
    </p>
   </div>
   <div class='ocr_carea' id='block_1_7' title="bbox 1167 2517 2039 2684">
    <p class='ocr_par' dir='ltr' id='par_1_10' title="bbox 1167 2517 2039 2684">
     <span class='ocr_line' id='line_1_77' title="bbox 1167 2517 2039 2595; baseline 0 -21"><span class='ocrx_word' id='word_1_510' title='bbox 1167 2518 1338 2594; x_wconf 84' lang='lat' dir='ltr'><strong>Anonymus</strong></span> <span class='ocrx_word' id='word_1_511' title='bbox 1368 2518 1501 2595; x_wconf 78' lang='lat' dir='ltr'><strong>(fortasse</strong></span> <span class='ocrx_word' id='word_1_512' title='bbox 1525 2517 1703 2578; x_wconf 80' lang='grc' dir='ltr'>Ἀδιατάκτων</span> <span class='ocrx_word' id='word_1_513' title='bbox 1737 2517 1844 2587; x_wconf 77' lang='lat' dir='ltr'><strong>voluit,</strong></span> <span class='ocrx_word' id='word_1_514' title='bbox 1875 2518 1934 2574; x_wconf 85' lang='lat' dir='ltr'><strong>nisi</strong></span> <span class='ocrx_word' id='word_1_515' title='bbox 2037 2518 2039 2566; x_wconf 69' lang='grc' dir='ltr'><strong><em>ἶ</em></strong></span> 
     </span>
     <span class='ocr_line' id='line_1_78' title="bbox 1167 2606 2039 2684; baseline 0 -21"><span class='ocrx_word' id='word_1_516' title='bbox 1167 2607 1297 2683; x_wconf 91' lang='lat' dir='ltr'><strong>priorem</strong></span> <span class='ocrx_word' id='word_1_517' title='bbox 1310 2606 1452 2684; x_wconf 82' lang='lat' dir='ltr'><strong>syllabam</strong></span> <span class='ocrx_word' id='word_1_518' title='bbox 1467 2608 1568 2665; x_wconf 91' lang='lat' dir='ltr'><strong>malee</strong></span> <span class='ocrx_word' id='word_1_519' title='bbox 1582 2607 1715 2684; x_wconf 90' lang='lat' dir='ltr'><strong>sequenti</strong></span> <span class='ocrx_word' id='word_1_520' title='bbox 1728 2607 1807 2664; x_wconf 88' lang='lat' dir='ltr'><strong>titulo</strong></span> <span class='ocrx_word' id='word_1_521' title='bbox 1816 2609 1934 2664; x_wconf 79' lang='grc' dir='ltr'>Δικαιω·</span> <span class='ocrx_word' id='word_1_522' title='bbox 2037 2610 2039 2638; x_wconf 79' lang='lat'>;</span> 
     </span>
    </p>
   </div>
   <div class='ocr_carea' id='block_1_8' title="bbox 1158 2694 1940 5314">
    <p class='ocr_par' dir='ltr' id='par_1_11' title="bbox 1162 2694 1938 4167">
     <span class='ocr_line' id='line_1_79' title="bbox 1166 2694 1936 2773; baseline 0.003 -22"><span class='ocrx_word' id='word_1_523' title='bbox 1166 2694 1257 2769; x_wconf 82' lang='grc' dir='ltr'>μάτων</span> <span class='ocrx_word' id='word_1_524' title='bbox 1277 2708 1370 2753; x_wconf 91' lang='lat' dir='ltr'><strong>ortam</strong></span> <span class='ocrx_word' id='word_1_525' title='bbox 1386 2698 1501 2772; x_wconf 88' lang='lat' dir='ltr'><strong>putes),</strong></span> <span class='ocrx_word' id='word_1_526' title='bbox 1515 2696 1587 2773; x_wconf 91' lang='lat' dir='ltr'><strong>quid</strong></span> <span class='ocrx_word' id='word_1_527' title='bbox 1608 2696 1789 2754; x_wconf 87' lang='lat' dir='ltr'><strong>statuendum</strong></span> <span class='ocrx_word' id='word_1_528' title='bbox 1809 2697 1848 2752; x_wconf 89' lang='lat' dir='ltr'><strong>sit</strong></span> <span class='ocrx_word' id='word_1_529' title='bbox 1865 2698 1936 2753; x_wconf 87' lang='lat' dir='ltr'><strong>satis</strong></span> 
     </span>
     <span class='ocr_line' id='line_1_80' title="bbox 1165 2782 1937 2860; baseline 0 -21"><span class='ocrx_word' id='word_1_530' title='bbox 1165 2782 1288 2840; x_wconf 89' lang='lat' dir='ltr'><strong>difficile</strong></span> <span class='ocrx_word' id='word_1_531' title='bbox 1304 2796 1347 2841; x_wconf 88' lang='lat' dir='ltr'><strong>est</strong></span> <span class='ocrx_word' id='word_1_532' title='bbox 1361 2783 1469 2841; x_wconf 91' lang='lat' dir='ltr'><strong>dicere.</strong></span> <span class='ocrx_word' id='word_1_533' title='bbox 1486 2784 1553 2841; x_wconf 85' lang='lat' dir='ltr'><strong>Sive</strong></span> <span class='ocrx_word' id='word_1_534' title='bbox 1575 2785 1671 2855; x_wconf 91' lang='lat' dir='ltr'><strong>enim,</strong></span> <span class='ocrx_word' id='word_1_535' title='bbox 1689 2804 1754 2860; x_wconf 83' lang='lat' dir='ltr'><strong>quae</strong></span> <span class='ocrx_word' id='word_1_536' title='bbox 1767 2796 1810 2841; x_wconf 90' lang='lat' dir='ltr'><strong>est</strong></span> <span class='ocrx_word' id='word_1_537' title='bbox 1823 2783 1937 2857; x_wconf 80' lang='lat' dir='ltr'><strong>Dergkii</strong></span> 
     </span>
     <span class='ocr_line' id='line_1_81' title="bbox 1164 2870 1937 2951; baseline 0.001 -23"><span class='ocrx_word' id='word_1_538' title='bbox 1164 2872 1307 2929; x_wconf 90' lang='lat' dir='ltr'><strong>sententia</strong></span> <span class='ocrx_word' id='word_1_539' title='bbox 1319 2870 1428 2951; x_wconf 70' lang='lat' dir='ltr'><strong>(Poetae</strong></span> <span class='ocrx_word' id='word_1_540' title='bbox 1438 2872 1498 2949; x_wconf 81' lang='lat' dir='ltr'><strong>lyr.</strong></span> <span class='ocrx_word' id='word_1_541' title='bbox 1510 2892 1555 2948; x_wconf 84' lang='lat' dir='ltr'><strong>gr.</strong></span> <span class='ocrx_word' id='word_1_542' title='bbox 1569 2893 1597 2950; x_wconf 85' lang='lat' dir='ltr'><strong>p.</strong></span> <span class='ocrx_word' id='word_1_543' title='bbox 1612 2875 1671 2945; x_wconf 80' lang='grc'><strong>647</strong></span> <span class='ocrx_word' id='word_1_544' title='bbox 1686 2874 1760 2949; x_wconf 81' lang='lat' dir='ltr'><strong>sq),</strong></span> <span class='ocrx_word' id='word_1_545' title='bbox 1773 2871 1822 2928; x_wconf 85' lang='lat' dir='ltr'><strong>bic</strong></span> <span class='ocrx_word' id='word_1_546' title='bbox 1832 2872 1937 2941; x_wconf 85' lang='lat' dir='ltr'><strong>titulus,</strong></span> 
     </span>
     <span class='ocr_line' id='line_1_82' title="bbox 1164 2957 1938 3036; baseline 0 -21"><span class='ocrx_word' id='word_1_547' title='bbox 1164 2957 1269 3017; x_wconf 89' lang='lat' dir='ltr'><strong>abillo</strong></span> <span class='ocrx_word' id='word_1_548' title='bbox 1284 2960 1336 3036; x_wconf 86' lang='lat' dir='ltr'><strong>qui</strong></span> <span class='ocrx_word' id='word_1_549' title='bbox 1351 2959 1502 3017; x_wconf 82' lang='lat' dir='ltr'><strong>volumina</strong></span> <span class='ocrx_word' id='word_1_550' title='bbox 1515 2960 1691 3019; x_wconf 84' lang='lat' dir='ltr'><strong>Aristotelea</strong></span> <span class='ocrx_word' id='word_1_551' title='bbox 1713 2962 1874 3029; x_wconf 85' lang='lat' dir='ltr'><strong>recensuit,</strong></span> <span class='ocrx_word' id='word_1_552' title='bbox 1889 2959 1938 3015; x_wconf 86' lang='lat' dir='ltr'><strong>ad·</strong></span> 
     </span>
     <span class='ocr_line' id='line_1_83' title="bbox 1164 3045 1938 3124; baseline 0.003 -22"><span class='ocrx_word' id='word_1_553' title='bbox 1164 3045 1243 3104; x_wconf 88' lang='lat' dir='ltr'><strong>ditus</strong></span> <span class='ocrx_word' id='word_1_554' title='bbox 1253 3060 1296 3105; x_wconf 91' lang='lat' dir='ltr'><strong>est</strong></span> <span class='ocrx_word' id='word_1_555' title='bbox 1306 3047 1522 3106; x_wconf 87' lang='lat' dir='ltr'><strong>commentariis</strong></span> <span class='ocrx_word' id='word_1_556' title='bbox 1532 3068 1607 3124; x_wconf 91' lang='lat' dir='ltr'><strong>quos</strong></span> <span class='ocrx_word' id='word_1_557' title='bbox 1619 3046 1707 3105; x_wconf 91' lang='lat' dir='ltr'><strong>rudes</strong></span> <span class='ocrx_word' id='word_1_558' title='bbox 1717 3060 1746 3105; x_wconf 91' lang='lat' dir='ltr'><strong>et</strong></span> <span class='ocrx_word' id='word_1_559' title='bbox 1758 3046 1938 3124; x_wconf 77' lang='lat' dir='ltr'><strong>imperfectos</strong></span> 
     </span>
     <span class='ocr_line' id='line_1_84' title="bbox 1164 3134 1936 3213; baseline -0.001 -22"><span class='ocrx_word' id='word_1_560' title='bbox 1164 3137 1321 3212; x_wconf 91' lang='lat' dir='ltr'><strong>reliquerat</strong></span> <span class='ocrx_word' id='word_1_561' title='bbox 1335 3134 1542 3211; x_wconf 88' lang='lat' dir='ltr'><strong>philosophus,</strong></span> <span class='ocrx_word' id='word_1_562' title='bbox 1558 3137 1668 3213; x_wconf 90' lang='lat' dir='ltr'><strong>quique</strong></span> <span class='ocrx_word' id='word_1_563' title='bbox 1685 3139 1785 3193; x_wconf 83' lang='lat' dir='ltr'><strong>varias</strong></span> <span class='ocrx_word' id='word_1_564' title='bbox 1800 3135 1936 3193; x_wconf 83' lang='lat' dir='ltr'><strong>observa-</strong></span> 
     </span>
     <span class='ocr_line' id='line_1_85' title="bbox 1165 3220 1937 3299; baseline 0 -22"><span class='ocrx_word' id='word_1_565' title='bbox 1165 3221 1256 3280; x_wconf 90' lang='lat' dir='ltr'><strong>tiones</strong></span> <span class='ocrx_word' id='word_1_566' title='bbox 1283 3223 1465 3280; x_wconf 89' lang='lat' dir='ltr'><strong>continentes</strong></span> <span class='ocrx_word' id='word_1_567' title='bbox 1487 3236 1555 3297; x_wconf 93' lang='lat' dir='ltr'><strong>post</strong></span> <span class='ocrx_word' id='word_1_568' title='bbox 1577 3222 1641 3299; x_wconf 89' lang='lat' dir='ltr'><strong>ejus</strong></span> <span class='ocrx_word' id='word_1_569' title='bbox 1667 3236 1790 3280; x_wconf 85' lang='lat' dir='ltr'><strong>mortem</strong></span> <span class='ocrx_word' id='word_1_570' title='bbox 1816 3220 1937 3298; x_wconf 88' lang='lat' dir='ltr'><strong>denique</strong></span> 
     </span>
     <span class='ocr_line' id='line_1_86' title="bbox 1163 3308 1933 3389; baseline -0.001 -22"><span class='ocrx_word' id='word_1_571' title='bbox 1163 3329 1228 3367; x_wconf 90' lang='lat' dir='ltr'><strong>cum</strong></span> <span class='ocrx_word' id='word_1_572' title='bbox 1243 3310 1310 3369; x_wconf 89' lang='lat' dir='ltr'><strong>aliis</strong></span> <span class='ocrx_word' id='word_1_573' title='bbox 1325 3310 1473 3370; x_wconf 88' lang='lat' dir='ltr'><strong>similibus</strong></span> <span class='ocrx_word' id='word_1_574' title='bbox 1486 3309 1599 3389; x_wconf 91' lang='lat' dir='ltr'><strong>publici</strong></span> <span class='ocrx_word' id='word_1_575' title='bbox 1609 3324 1676 3368; x_wconf 91' lang='lat' dir='ltr'><strong>sunt</strong></span> <span class='ocrx_word' id='word_1_576' title='bbox 1683 3310 1762 3387; x_wconf 85' lang='lat' dir='ltr'><strong>juris</strong></span> <span class='ocrx_word' id='word_1_577' title='bbox 1773 3309 1852 3382; x_wconf 86' lang='lat' dir='ltr'><strong>lacti,</strong></span> <span class='ocrx_word' id='word_1_578' title='bbox 1863 3308 1933 3380; x_wconf 82' lang='lat' dir='ltr'><strong>sire,</strong></span> 
     </span>
     <span class='ocr_line' id='line_1_87' title="bbox 1163 3397 1936 3475; baseline -0.003 -20"><span class='ocrx_word' id='word_1_579' title='bbox 1163 3397 1241 3473; x_wconf 90' lang='lat' dir='ltr'><strong>quod</strong></span> <span class='ocrx_word' id='word_1_580' title='bbox 1263 3418 1317 3474; x_wconf 90' lang='lat' dir='ltr'><strong>ego</strong></span> <span class='ocrx_word' id='word_1_581' title='bbox 1336 3398 1527 3457; x_wconf 84' lang='lat' dir='ltr'><strong>verisimilius</strong></span> <span class='ocrx_word' id='word_1_582' title='bbox 1540 3410 1629 3475; x_wconf 93' lang='lat' dir='ltr'><strong>puto,</strong></span> <span class='ocrx_word' id='word_1_583' title='bbox 1646 3418 1736 3474; x_wconf 92' lang='lat' dir='ltr'><strong>quum</strong></span> <span class='ocrx_word' id='word_1_584' title='bbox 1752 3418 1771 3455; x_wconf 87' lang='lat' dir='ltr'><strong>a</strong></span> <span class='ocrx_word' id='word_1_585' title='bbox 1783 3397 1881 3475; x_wconf 87' lang='lat' dir='ltr'><strong>primo</strong></span> <span class='ocrx_word' id='word_1_586' title='bbox 1894 3398 1936 3454; x_wconf 89' lang='lat' dir='ltr'><strong>in·</strong></span> 
     </span>
     <span class='ocr_line' id='line_1_88' title="bbox 1162 3484 1937 3564; baseline -0.001 -22"><span class='ocrx_word' id='word_1_587' title='bbox 1162 3484 1238 3543; x_wconf 90' lang='lat' dir='ltr'><strong>dicis</strong></span> <span class='ocrx_word' id='word_1_588' title='bbox 1252 3486 1406 3545; x_wconf 90' lang='lat' dir='ltr'><strong>conditore</strong></span> <span class='ocrx_word' id='word_1_589' title='bbox 1428 3486 1557 3564; x_wconf 89' lang='lat' dir='ltr'><strong>positum</strong></span> <span class='ocrx_word' id='word_1_590' title='bbox 1573 3498 1665 3557; x_wconf 89' lang='lat' dir='ltr'><strong>esset,</strong></span> <span class='ocrx_word' id='word_1_591' title='bbox 1683 3498 1717 3542; x_wconf 89' lang='lat' dir='ltr'><strong>ut</strong></span> <span class='ocrx_word' id='word_1_592' title='bbox 1735 3498 1830 3543; x_wconf 86' lang='lat' dir='ltr'><strong>toturn</strong></span> <span class='ocrx_word' id='word_1_593' title='bbox 1851 3503 1937 3559; x_wconf 84' lang='lat' dir='ltr'><strong>genus</strong></span> 
     </span>
     <span class='ocr_line' id='line_1_89' title="bbox 1163 3572 1936 3649; baseline -0.001 -21"><span class='ocrx_word' id='word_1_594' title='bbox 1163 3572 1308 3633; x_wconf 87' lang='lat' dir='ltr'><strong>librorum</strong></span> <span class='ocrx_word' id='word_1_595' title='bbox 1321 3572 1497 3649; x_wconf 86' lang='lat' dir='ltr'><strong>designaret,</strong></span> <span class='ocrx_word' id='word_1_596' title='bbox 1509 3572 1698 3631; x_wconf 87' lang='lat' dir='ltr'><strong>librariorum</strong></span> <span class='ocrx_word' id='word_1_597' title='bbox 1713 3572 1821 3629; x_wconf 91' lang='lat' dir='ltr'><strong>deinde</strong></span> <span class='ocrx_word' id='word_1_598' title='bbox 1841 3590 1936 3628; x_wconf 83' lang='lat' dir='ltr'><strong>errore</strong></span> 
     </span>
     <span class='ocr_line' id='line_1_90' title="bbox 1164 3659 1936 3739; baseline -0.001 -23"><span class='ocrx_word' id='word_1_599' title='bbox 1164 3660 1200 3717; x_wconf 91' lang='lat' dir='ltr'><strong>ad</strong></span> <span class='ocrx_word' id='word_1_600' title='bbox 1212 3662 1358 3738; x_wconf 89' lang='lat' dir='ltr'><strong>peculiare</strong></span> <span class='ocrx_word' id='word_1_601' title='bbox 1368 3662 1515 3737; x_wconf 88' lang='lat' dir='ltr'><strong>quoddam</strong></span> <span class='ocrx_word' id='word_1_602' title='bbox 1527 3682 1602 3739; x_wconf 89' lang='lat' dir='ltr'><strong>opus</strong></span> <span class='ocrx_word' id='word_1_603' title='bbox 1612 3660 1783 3719; x_wconf 90' lang='lat' dir='ltr'><strong>translatum</strong></span> <span class='ocrx_word' id='word_1_604' title='bbox 1793 3672 1847 3718; x_wconf 90' lang='lat' dir='ltr'><strong>est.</strong></span> <span class='ocrx_word' id='word_1_605' title='bbox 1855 3659 1936 3726; x_wconf 81' lang='lat' dir='ltr'><strong>Quod</strong></span> 
     </span>
     <span class='ocr_line' id='line_1_91' title="bbox 1163 3747 1935 3819; baseline -0.001 -15"><span class='ocrx_word' id='word_1_606' title='bbox 1163 3747 1189 3805; x_wconf 91' lang='lat' dir='ltr'><strong>si</strong></span> <span class='ocrx_word' id='word_1_607' title='bbox 1211 3748 1426 3808; x_wconf 85' lang='lat' dir='ltr'><strong>Schneidewini</strong></span> <span class='ocrx_word' id='word_1_608' title='bbox 1450 3750 1638 3819; x_wconf 90' lang='lat' dir='ltr'><strong>sententiam,</strong></span> <span class='ocrx_word' id='word_1_609' title='bbox 1665 3748 1712 3806; x_wconf 91' lang='lat' dir='ltr'><strong>cui</strong></span> <span class='ocrx_word' id='word_1_610' title='bbox 1740 3765 1876 3807; x_wconf 81' lang='lat' dir='ltr'><strong>assensus</strong></span> <span class='ocrx_word' id='word_1_611' title='bbox 1897 3761 1935 3803; x_wconf 74' lang='lat' dir='ltr'><strong>ee.</strong></span> 
     </span>
     <span class='ocr_line' id='line_1_92' title="bbox 1163 3835 1936 3913; baseline 0 -21"><span class='ocrx_word' id='word_1_612' title='bbox 1163 3836 1303 3895; x_wconf 83' lang='lat' dir='ltr'><strong>llliillerus</strong></span> <span class='ocrx_word' id='word_1_613' title='bbox 1321 3837 1433 3913; x_wconf 82' lang='lat' dir='ltr'><strong>Fragm.</strong></span> <span class='ocrx_word' id='word_1_614' title='bbox 1450 3838 1524 3897; x_wconf 88' lang='lat' dir='ltr'><strong>llist.</strong></span> <span class='ocrx_word' id='word_1_615' title='bbox 1537 3857 1580 3912; x_wconf 90' lang='lat' dir='ltr'><strong>gr.</strong></span> <span class='ocrx_word' id='word_1_616' title='bbox 1605 3850 1625 3895; x_wconf 88' lang='lat' dir='ltr'><strong>t.</strong></span> <span class='ocrx_word' id='word_1_617' title='bbox 1639 3836 1679 3908; x_wconf 94' lang='lat' dir='ltr'><strong>ll,</strong></span> <span class='ocrx_word' id='word_1_618' title='bbox 1698 3857 1729 3913; x_wconf 87' lang='lat' dir='ltr'><strong>p.</strong></span> <span class='ocrx_word' id='word_1_619' title='bbox 1749 3837 1819 3911; x_wconf 85' lang='lat'><strong>189,</strong></span> <span class='ocrx_word' id='word_1_620' title='bbox 1834 3835 1936 3912; x_wconf 84' lang='lat' dir='ltr'><strong>proba·</strong></span> 
     </span>
     <span class='ocr_line' id='line_1_93' title="bbox 1163 3920 1937 4005; baseline -0.003 -24"><span class='ocrx_word' id='word_1_621' title='bbox 1163 3944 1276 3997; x_wconf 89' lang='lat' dir='ltr'><strong>remus,</strong></span> <span class='ocrx_word' id='word_1_622' title='bbox 1286 3926 1394 3984; x_wconf 89' lang='lat' dir='ltr'><strong>mirum</strong></span> <span class='ocrx_word' id='word_1_623' title='bbox 1407 3920 1539 4005; x_wconf 84' lang='lat' dir='ltr'><strong>prolecto</strong></span> <span class='ocrx_word' id='word_1_624' title='bbox 1550 3924 1652 3984; x_wconf 89' lang='lat' dir='ltr'><strong>haberi</strong></span> <span class='ocrx_word' id='word_1_625' title='bbox 1661 3937 1779 4000; x_wconf 88' lang='lat' dir='ltr'><strong>posset,</strong></span> <span class='ocrx_word' id='word_1_626' title='bbox 1792 3938 1937 3981; x_wconf 86' lang='lat' dir='ltr'><strong>auctorem</strong></span> 
     </span>
     <span class='ocr_line' id='line_1_94' title="bbox 1163 4009 1937 4086; baseline -0.001 -18"><span class='ocrx_word' id='word_1_627' title='bbox 1163 4011 1233 4070; x_wconf 91' lang='lat' dir='ltr'><strong>libri</strong></span> <span class='ocrx_word' id='word_1_628' title='bbox 1250 4017 1297 4070; x_wconf 88' lang='lat' dir='ltr'><strong>cui</strong></span> <span class='ocrx_word' id='word_1_629' title='bbox 1312 4013 1413 4072; x_wconf 89' lang='lat' dir='ltr'><strong>titulus</strong></span> <span class='ocrx_word' id='word_1_630' title='bbox 1427 4011 1544 4071; x_wconf 79' lang='grc' dir='ltr'>Ἄτακτα</span> <span class='ocrx_word' id='word_1_631' title='bbox 1559 4013 1652 4086; x_wconf 88' lang='lat' dir='ltr'><strong>soret,</strong></span> <span class='ocrx_word' id='word_1_632' title='bbox 1672 4011 1720 4069; x_wconf 92' lang='lat' dir='ltr'><strong>bis</strong></span> <span class='ocrx_word' id='word_1_633' title='bbox 1739 4032 1756 4068; x_wconf 90' lang='lat' dir='ltr'><strong>a</strong></span> <span class='ocrx_word' id='word_1_634' title='bbox 1776 4009 1885 4068; x_wconf 82' lang='lat' dir='ltr'><strong>Taetze</strong></span> <span class='ocrx_word' id='word_1_635' title='bbox 1898 4009 1937 4067; x_wconf 77' lang='lat' dir='ltr'><strong>ris</strong></span> 
     </span>
     <span class='ocr_line' id='line_1_95' title="bbox 1164 4099 1568 4167; baseline 0.01 -11"><span class='ocrx_word' id='word_1_636' title='bbox 1164 4099 1327 4167; x_wconf 74' lang='grc' dir='ltr'>συντάξαντα</span> <span class='ocrx_word' id='word_1_637' title='bbox 1341 4100 1449 4158; x_wconf 85' lang='lat' dir='ltr'><strong>dictum</strong></span> <span class='ocrx_word' id='word_1_638' title='bbox 1468 4100 1568 4160; x_wconf 80' lang='lat' dir='ltr'><strong>luisse.</strong></span> 
     </span>
    </p>

    <p class='ocr_par' dir='ltr' id='par_1_12' title="bbox 1158 4183 1940 5314">
     <span class='ocr_line' id='line_1_96' title="bbox 1203 4183 1937 4265; baseline -0.01 -20"><span class='ocrx_word' id='word_1_639' title='bbox 1203 4188 1336 4246; x_wconf 81' lang='lat' dir='ltr'><strong>Ceterum</strong></span> <span class='ocrx_word' id='word_1_640' title='bbox 1361 4207 1446 4246; x_wconf 90' lang='lat' dir='ltr'><strong>nemo</strong></span> <span class='ocrx_word' id='word_1_641' title='bbox 1469 4200 1513 4246; x_wconf 90' lang='lat' dir='ltr'><strong>est</strong></span> <span class='ocrx_word' id='word_1_642' title='bbox 1532 4189 1606 4265; x_wconf 91' lang='lat' dir='ltr'><strong>quin</strong></span> <span class='ocrx_word' id='word_1_643' title='bbox 1626 4188 1724 4244; x_wconf 85' lang='lat' dir='ltr'><strong>rideat</strong></span> <span class='ocrx_word' id='word_1_644' title='bbox 1745 4186 1841 4263; x_wconf 86' lang='lat' dir='ltr'><strong>ipsam</strong></span> <span class='ocrx_word' id='word_1_645' title='bbox 1864 4183 1937 4239; x_wconf 83' lang='lat' dir='ltr'><strong>hanc</strong></span> 
     </span>
     <span class='ocr_line' id='line_1_97' title="bbox 1162 4272 1939 4355; baseline -0.006 -22"><span class='ocrx_word' id='word_1_646' title='bbox 1162 4278 1244 4355; x_wconf 89' lang='lat' dir='ltr'><strong>Pepli</strong></span> <span class='ocrx_word' id='word_1_647' title='bbox 1255 4278 1479 4354; x_wconf 88' lang='lat' dir='ltr'><strong>inscriptionem</strong></span> <span class='ocrx_word' id='word_1_648' title='bbox 1492 4296 1579 4353; x_wconf 90' lang='lat' dir='ltr'><strong>quam</strong></span> <span class='ocrx_word' id='word_1_649' title='bbox 1591 4275 1763 4351; x_wconf 86' lang='lat' dir='ltr'><strong>longissime</strong></span> <span class='ocrx_word' id='word_1_650' title='bbox 1775 4272 1813 4331; x_wconf 91' lang='lat' dir='ltr'><strong>ab</strong></span> <span class='ocrx_word' id='word_1_651' title='bbox 1828 4272 1939 4329; x_wconf 82' lang='lat' dir='ltr'><strong>Aristo-</strong></span> 
     </span>
     <span class='ocr_line' id='line_1_98' title="bbox 1162 4363 1939 4441; baseline -0.005 -21"><span class='ocrx_word' id='word_1_652' title='bbox 1162 4364 1227 4422; x_wconf 91' lang='lat' dir='ltr'><strong>telis</strong></span> <span class='ocrx_word' id='word_1_653' title='bbox 1237 4364 1423 4441; x_wconf 88' lang='lat' dir='ltr'><strong>simplicitate</strong></span> <span class='ocrx_word' id='word_1_654' title='bbox 1432 4363 1605 4434; x_wconf 89' lang='lat' dir='ltr'><strong>abhorrere,</strong></span> <span class='ocrx_word' id='word_1_655' title='bbox 1617 4382 1708 4439; x_wconf 88' lang='lat' dir='ltr'><strong>quum</strong></span> <span class='ocrx_word' id='word_1_656' title='bbox 1719 4373 1823 4419; x_wconf 86' lang='lat' dir='ltr'><strong>contra</strong></span> <span class='ocrx_word' id='word_1_657' title='bbox 1833 4363 1939 4437; x_wconf 86' lang='lat' dir='ltr'><strong>optime</strong></span> 
     </span>
     <span class='ocr_line' id='line_1_99' title="bbox 1162 4448 1939 4530; baseline -0.005 -22"><span class='ocrx_word' id='word_1_658' title='bbox 1162 4452 1317 4509; x_wconf 85' lang='lat' dir='ltr'><strong>conveniat</strong></span> <span class='ocrx_word' id='word_1_659' title='bbox 1325 4472 1390 4509; x_wconf 90' lang='lat' dir='ltr'><strong>cum</strong></span> <span class='ocrx_word' id='word_1_660' title='bbox 1401 4453 1596 4530; x_wconf 90' lang='lat' dir='ltr'><strong>posteriorum</strong></span> <span class='ocrx_word' id='word_1_661' title='bbox 1606 4452 1782 4530; x_wconf 87' lang='lat' dir='ltr'><strong>scriptorum</strong></span> <span class='ocrx_word' id='word_1_662' title='bbox 1793 4450 1825 4506; x_wconf 94' lang='lat' dir='ltr'><strong>in</strong></span> <span class='ocrx_word' id='word_1_663' title='bbox 1834 4448 1939 4505; x_wconf 79' lang='lat' dir='ltr'><strong>talibus</strong></span> 
     </span>
     <span class='ocr_line' id='line_1_100' title="bbox 1162 4537 1938 4618; baseline -0.006 -21"><span class='ocrx_word' id='word_1_664' title='bbox 1162 4540 1287 4598; x_wconf 86' lang='lat' dir='ltr'><strong>ridicula</strong></span> <span class='ocrx_word' id='word_1_665' title='bbox 1299 4560 1374 4618; x_wconf 87' lang='lat' dir='ltr'><strong>saepe</strong></span> <span class='ocrx_word' id='word_1_666' title='bbox 1388 4541 1530 4615; x_wconf 89' lang='lat' dir='ltr'><strong>elegantia</strong></span> <span class='ocrx_word' id='word_1_667' title='bbox 1545 4552 1630 4616; x_wconf 90' lang='lat' dir='ltr'><strong>atque</strong></span> <span class='ocrx_word' id='word_1_668' title='bbox 1643 4538 1810 4597; x_wconf 78' lang='lat' dir='ltr'><strong>festivitatis</strong></span> <span class='ocrx_word' id='word_1_669' title='bbox 1833 4537 1938 4599; x_wconf 61' lang='lat' dir='ltr'><strong>audio.</strong></span> 
     </span>
     <span class='ocr_line' id='line_1_101' title="bbox 1161 4625 1939 4706; baseline -0.008 -20"><span class='ocrx_word' id='word_1_670' title='bbox 1161 4628 1259 4706; x_wconf 90' lang='lat' dir='ltr'><strong>quod,</strong></span> <span class='ocrx_word' id='word_1_671' title='bbox 1282 4629 1382 4687; x_wconf 88' lang='lat' dir='ltr'><strong>multis</strong></span> <span class='ocrx_word' id='word_1_672' title='bbox 1410 4628 1736 4705; x_wconf 77' lang='lat' dir='ltr'><strong>congestisexemplis,</strong></span> <span class='ocrx_word' id='word_1_673' title='bbox 1753 4645 1808 4682; x_wconf 88' lang='lat' dir='ltr'><strong>nec</strong></span> <span class='ocrx_word' id='word_1_674' title='bbox 1830 4625 1939 4681; x_wconf 87' lang='lat' dir='ltr'><strong>omisso</strong></span> 
     </span>
     <span class='ocr_line' id='line_1_102' title="bbox 1161 4712 1940 4793; baseline -0.006 -21"><span class='ocrx_word' id='word_1_675' title='bbox 1161 4715 1309 4793; x_wconf 80' lang='lat' dir='ltr'><strong>lrocPepli</strong></span> <span class='ocrx_word' id='word_1_676' title='bbox 1324 4715 1453 4787; x_wconf 91' lang='lat' dir='ltr'><strong>nomine,</strong></span> <span class='ocrx_word' id='word_1_677' title='bbox 1470 4714 1506 4773; x_wconf 90' lang='lat' dir='ltr'><strong>ab</strong></span> <span class='ocrx_word' id='word_1_678' title='bbox 1523 4714 1598 4774; x_wconf 88' lang='lat' dir='ltr'><strong>Aulo</strong></span> <span class='ocrx_word' id='word_1_679' title='bbox 1606 4714 1703 4773; x_wconf 88' lang='lat' dir='ltr'><strong>Gellio</strong></span> <span class='ocrx_word' id='word_1_680' title='bbox 1718 4714 1750 4771; x_wconf 93' lang='lat' dir='ltr'><strong>in</strong></span> <span class='ocrx_word' id='word_1_681' title='bbox 1764 4712 1940 4770; x_wconf 77' lang='lat' dir='ltr'><strong>Praetatione</strong></span> 
     </span>
     <span class='ocr_line' id='line_1_103' title="bbox 1161 4799 1939 4872; baseline -0.012 -8"><span class='ocrx_word' id='word_1_682' title='bbox 1161 4804 1296 4865; x_wconf 85' lang='lat' dir='ltr'><strong>Noctium</strong></span> <span class='ocrx_word' id='word_1_683' title='bbox 1308 4804 1459 4862; x_wconf 89' lang='lat' dir='ltr'><strong>atticarum</strong></span> <span class='ocrx_word' id='word_1_684' title='bbox 1469 4816 1599 4861; x_wconf 90' lang='lat' dir='ltr'><strong>notatum</strong></span> <span class='ocrx_word' id='word_1_685' title='bbox 1609 4815 1663 4863; x_wconf 91' lang='lat' dir='ltr'><strong>est.</strong></span> <span class='ocrx_word' id='word_1_686' title='bbox 1670 4802 1756 4872; x_wconf 84' lang='lat' dir='ltr'><strong>Quod</strong></span> <span class='ocrx_word' id='word_1_687' title='bbox 1763 4801 1800 4859; x_wconf 87' lang='lat' dir='ltr'><strong>ad</strong></span> <span class='ocrx_word' id='word_1_688' title='bbox 1811 4799 1939 4859; x_wconf 85' lang='lat' dir='ltr'><strong>nominis</strong></span> 
     </span>
     <span class='ocr_line' id='line_1_104' title="bbox 1161 4886 1937 4968; baseline -0.008 -19"><span class='ocrx_word' id='word_1_689' title='bbox 1161 4892 1305 4968; x_wconf 90' lang='lat' dir='ltr'><strong>originem</strong></span> <span class='ocrx_word' id='word_1_690' title='bbox 1330 4893 1448 4965; x_wconf 89' lang='lat' dir='ltr'><strong>attinet,</strong></span> <span class='ocrx_word' id='word_1_691' title='bbox 1473 4891 1509 4950; x_wconf 91' lang='lat' dir='ltr'><strong>de</strong></span> <span class='ocrx_word' id='word_1_692' title='bbox 1532 4910 1566 4949; x_wconf 90' lang='lat' dir='ltr'><strong>ea</strong></span> <span class='ocrx_word' id='word_1_693' title='bbox 1589 4891 1698 4968; x_wconf 92' lang='lat' dir='ltr'><strong>optime</strong></span> <span class='ocrx_word' id='word_1_694' title='bbox 1718 4888 1860 4947; x_wconf 87' lang='lat' dir='ltr'><strong>disseruit</strong></span> <span class='ocrx_word' id='word_1_695' title='bbox 1879 4886 1937 4943; x_wconf 77' lang='lat' dir='ltr'><strong>los</strong></span> 
     </span>
     <span class='ocr_line' id='line_1_105' title="bbox 1161 4975 1937 5056; baseline -0.01 -19"><span class='ocrx_word' id='word_1_696' title='bbox 1161 4980 1301 5056; x_wconf 88' lang='lat' dir='ltr'><strong>Scaliger,</strong></span> <span class='ocrx_word' id='word_1_697' title='bbox 1318 4979 1350 5038; x_wconf 93' lang='lat' dir='ltr'><strong>in</strong></span> <span class='ocrx_word' id='word_1_698' title='bbox 1371 4979 1454 5038; x_wconf 86' lang='lat' dir='ltr'><strong>Notis</strong></span> <span class='ocrx_word' id='word_1_699' title='bbox 1478 4978 1514 5037; x_wconf 90' lang='lat' dir='ltr'><strong>ad</strong></span> <span class='ocrx_word' id='word_1_700' title='bbox 1538 4978 1682 5037; x_wconf 88' lang='lat' dir='ltr'><strong>Catalecta</strong></span> <span class='ocrx_word' id='word_1_701' title='bbox 1694 4976 1816 5053; x_wconf 82' lang='lat' dir='ltr'><strong>Virgilii</strong></span> <span class='ocrx_word' id='word_1_702' title='bbox 1831 4997 1863 5054; x_wconf 90' lang='lat' dir='ltr'><strong>p.</strong></span> <span class='ocrx_word' id='word_1_703' title='bbox 1880 4975 1937 5041; x_wconf 63' lang='lat'><strong>48:</strong></span> 
     </span>
     <span class='ocr_line' id='line_1_106' title="bbox 1161 5065 1934 5143; baseline -0.006 -19"><span class='ocrx_word' id='word_1_704' title='bbox 1161 5071 1245 5139; x_wconf 82' lang='lat' dir='ltr'><strong>Quod</strong></span> <span class='ocrx_word' id='word_1_705' title='bbox 1250 5071 1366 5143; x_wconf 85' lang='lat' dir='ltr'><strong>peplum</strong></span> <span class='ocrx_word' id='word_1_706' title='bbox 1378 5071 1514 5123; x_wconf 76' lang='lat' dir='ltr'><strong>Minerva·</strong></span> <span class='ocrx_word' id='word_1_707' title='bbox 1520 5065 1648 5139; x_wconf 83' lang='lat' dir='ltr'><strong>ferretur</strong></span> <span class='ocrx_word' id='word_1_708' title='bbox 1656 5074 1685 5122; x_wconf 73' lang='grc' dir='ltr'><strong>ἐπ</strong></span> <span class='ocrx_word' id='word_1_709' title='bbox 1696 5066 1934 5128; x_wconf 74' lang='lat' dir='ltr'><strong>Panathenaicis,</strong></span> 
     </span>
     <span class='ocr_line' id='line_1_107' title="bbox 1158 5158 1937 5232; baseline -0.001 -20"><span class='ocrx_word' id='word_1_710' title='bbox 1158 5160 1238 5232; x_wconf 72' lang='lat' dir='ltr'><strong>phana·</strong></span> <span class='ocrx_word' id='word_1_711' title='bbox 1250 5170 1315 5213; x_wconf 84' lang='lat' dir='ltr'><strong>sunt</strong></span> <span class='ocrx_word' id='word_1_712' title='bbox 1326 5158 1486 5213; x_wconf 76' lang='lat' dir='ltr'><strong>Graecorum</strong></span> <span class='ocrx_word' id='word_1_713' title='bbox 1501 5161 1726 5214; x_wconf 72' lang='lat' dir='ltr'><strong>commentarii...</strong></span> <span class='ocrx_word' id='word_1_714' title='bbox 1743 5158 1780 5210; x_wconf 88' lang='lat' dir='ltr'><strong>In</strong></span> <span class='ocrx_word' id='word_1_715' title='bbox 1791 5174 1828 5211; x_wconf 86' lang='lat' dir='ltr'><strong>eo</strong></span> <span class='ocrx_word' id='word_1_716' title='bbox 1838 5159 1937 5230; x_wconf 76' lang='lat' dir='ltr'><strong>pinge-</strong></span> 
     </span>
     <span class='ocr_line' id='line_1_108' title="bbox 1160 5242 1939 5314; baseline -0.003 -14"><span class='ocrx_word' id='word_1_717' title='bbox 1160 5247 1263 5300; x_wconf 84' lang='lat' dir='ltr'><strong>bantur</strong></span> <span class='ocrx_word' id='word_1_718' title='bbox 1286 5264 1350 5313; x_wconf 83' lang='lat' dir='ltr'><strong>acu,</strong></span> <span class='ocrx_word' id='word_1_719' title='bbox 1375 5249 1429 5299; x_wconf 78' lang='lat' dir='ltr'><strong>sinc</strong></span> <span class='ocrx_word' id='word_1_720' title='bbox 1451 5244 1649 5299; x_wconf 66' lang='grc' dir='ltr'>ἐπιταράττων</span> <span class='ocrx_word' id='word_1_721' title='bbox 1667 5242 1939 5314; x_wconf 67' lang='lat' dir='ltr'><strong>Timomachtaeet</strong></span> 
     </span>
    </p>
   </div>
   <div class='ocr_carea' id='block_1_9' title="bbox 0 0 2072 6134">
    <p class='ocr_par' dir='ltr' id='par_1_13' title="bbox 0 0 2072 6134">
     <span class='ocr_line' id='line_1_109' title="bbox 0 0 2072 6134; baseline 0 0"><span class='ocrx_word' id='word_1_722' title='bbox 0 0 2072 6134; x_wconf 95' lang='lat' dir='ltr'><strong> </strong></span> 
     </span>
    </p>
   </div>
  </div>
 </body>
</html>
