4134 6134
765 307 1030 380 ruossubmra'.

922 439 1027 499 dinemo
1043 436 1076 495 τά
1091 435 1159 517 μέρη
1170 439 1215 496 τοῦ
1226 433 1348 510 σώματος
1363 434 1430 495 ὥστε
1443 430 1623 503 ἐπιπολάζειν,
1643 433 1697 498 τοῖς

923 527 950 585 δὲ
966 525 1105 606 ροθηθεῖοι
1120 522 1255 602 συντρέχει
1275 523 1311 588 εἰς
1328 519 1375 591 τὴν
1391 519 1512 598 καρδίαν,
1527 517 1596 576 ῶστε
1611 518 1699 576 ἀκλεί-

923 637 980 673 πειν
993 615 1023 672 ἐκ
1038 617 1089 671 τῶν
1101 613 1189 672 ἄλλων
1204 612 1302 688 μερῶν.

105 443 199 519 1θλῶρος
214 442 250 508 είς
264 439 441 518 Θερμοπύλας
456 439 628 518 κομισθεῖσιν,
646 441 721 506 οὗτός
742 463 769 498 τε
796 441 866 498 πολ-

105 537 147 592 λῶν
168 535 299 611 ἀποριῶν,
317 529 381 610 ὅπερ
395 528 504 588 εἰῶθοισι
524 529 637 610 πάσχειν
659 533 778 597 ἐπιεικῶς
792 531 819 586 αἱ
830 551 868 610 ρι·

105 619 207 700 λοούρων
228 617 331 700 ρύσεις,
346 614 539 692 ὑπεπίμπλατο
553 618 599 676 καί
613 620 666 684 τοῖς
685 616 796 698 ἑταίροις
817 639 867 693 με·

104 709 196 777 nilion,
210 709 348 787 μαρτυρῶν
362 707 436 784 αύτῷ
447 707 486 785 τῷ
501 703 688 785 Ἀριστοτέλει,
703 705 807 784 λέγοντι
819 705 868 776 τήν

105 797 269 873 πολυμάθειαν
297 793 396 859 πολλάς
420 791 569 875 [ἀποριῶν]
597 792 680 874 ἀρχάς
704 802 787 855 ποιεῖν
812 793 867 874 (ei.

104 907 181 964 supra
191 886 291 961 fragm.
306 879 369 963 90).
386 879 429 942 Τά
441 879 489 959 μὲν
501 871 544 942 ούν
556 883 624 943 ἀλλα
639 881 696 960 μεθ’
708 881 810 963 ἡμέραν
822 882 869 941 οὖν.

104 975 187 1052 ἄχαριν
207 977 271 1049 ἡμῖν
292 975 319 1031 ἐν
333 971 385 1036 τοῖς
408 971 561 1049 περιπάτοις
577 969 712 1050 διατριύήν
737 970 869 1051 παρίσχε·

103 1066 128 1120 r'n
137 1061 160 1120 il
173 1059 310 1139 λεγόμενον
324 1061 385 1138 περί
399 1061 452 1118 τῶν
468 1057 604 1132 ίνυπνίων,
617 1059 652 1124 ῶς
673 1055 869 1118 laetititiae

104 1152 142 1210 καί
150 1152 228 1232 ψευδῆ
236 1147 353 1226 μάλιστα
361 1145 421 1224 περί
429 1145 483 1216 τοὺς
491 1145 650 1226 φυλλοχόους
661 1151 755 1222 μῆνας,
765 1147 813 1205 οὐκ
820 1137 868 1206 ole'

105 1233 870 1317 ὅπως,ἑτάροιςλόγοιςπραγματευσαμίνουτοῦ(Ιῑαόοιρίνου

105 1327 163 1406 μετά
175 1327 205 1386 τὸ
225 1327 346 1400 δεῖπνον,
361 1323 484 1404 ἀνέκυψε.
500 1326 564 1392 Τοῖς
575 1322 623 1400 μὲν
640 1315 685 1382 οὗν
699 1323 752 1391 σοῖς
762 1323 873 1404 ἑταίροις

106 1420 168 1494 ἀμοῖς
183 1415 210 1474 di
230 1417 295 1483 υῖοῖς
307 1413 390 1474 ἐδόκει
410 1410 545 1472 λελυκέναι
560 1409 608 1483 τὴν
633 1411 743 1490 ἀπορίαν
759 1411 873 1490 Ἀριστο-

105 1505 189 1578 τέλης,
207 1504 253 1565 καί
273 1501 345 1564 ούδίν
364 1500 446 1583 ᾤοντο
464 1503 517 1560 δεῖν
532 1501 617 1573 ζητεῖν
636 1499 694 1560 οὐδὲ
716 1499 801 1580 λέγειν
817 1499 874 1558 ἀλλ’

105 1593 119 1665 ἢ
135 1593 189 1661 τούς
209 1590 343 1673 καρπούς,
363 1588 453 1669 ῶσπερ
478 1590 574 1656 ἐκεῖνος
588 1590 731 1648 αἰτιᾶσθαι.
746 1587 809 1649 Nini
823 1588 874 1667 γάρ

105 1683 168 1750 ὄντες
180 1680 219 1741 ἔτι
232 1681 276 1741 καί
290 1683 449 1760 σφριγῶντες
460 1675 527 1738 πολύ
541 1681 646 1750 πνεῦμα
659 1679 780 1750 γεννῶσιν
796 1676 823 1734 ἐν
836 1679 875 1746 τῶ

106 1770 203 1846 σώματι
217 1767 262 1830 καί
280 1765 443 1847 ταραχῶδες·
469 1767 497 1824 οὖ
515 1762 567 1843 γάρ
588 1763 632 1822 τὀν
648 1753 716 1823 οἶνον
737 1763 804 1829 εἰκός
818 1763 875 1822 ἔστι

107 1859 177 1936 μόνον
193 1861 245 1927 ζεῖν
259 1855 305 1914 καί
320 1855 479 1933 ἀγανακτεῖν
499 1850 558 1911 obit
572 1849 694 1912 τοῦλαιον
707 1849 738 1910 ἀν
753 1842 771 1926 ᾖ
785 1873 875 1932 νεουρι

105 1949 145 2026 γὀν
161 1951 186 2008 ἐν
200 1947 254 2013 τοῖς
276 1942 380 2025 λύχνοις
393 1941 476 2025 ψόρον
490 1943 610 2018 ’ἀμποιεῖν
631 1940 878 2016 ἀποκυματιζούσης

105 2036 133 2093 τὸ
154 2037 256 2110 πνεῦμα
278 2036 324 2102 τῆς
350 2027 526 2109 θερμότητος,
545 2025 614 2086 ἀλλά
636 2027 682 2086 καί
702 2027 736 2088 τά
759 2027 830 2087 σιτία
843 2025 875 2085 τά

105 2125 239 2205 πρόσφατα
262 2119 307 2178 καί
327 2119 375 2192 πλν
398 2116 504 2196 ὀπώραν
524 2115 630 2175 ἀπαοαν
647 2118 749 2193 ὁρῶμεν
768 2118 878 2174 ἐντετα-

106 2211 181 2290 μένην
202 2211 248 2270 καῖ
271 2209 394 2281 οἰδῶσαν,
422 2205 485 2286 άχρι
500 2203 532 2264 διν
550 2202 700 2285 ἀποπνεύσῃ
721 2205 750 2263 τὸ
765 2204 880 2280 ρυοῶδες

106 2302 146 2361 καί
161 2301 288 2360 ἄπεπτον.
302 2293 371 2358 Ὅτι
384 2293 413 2355 δί
426 2299 483 2354 ἐστι
497 2299 548 2354 τῶν
563 2291 708 2374 βρωμάτων
726 2291 781 2352 ἔνιοι
798 2291 880 2352 δυσό-

105 2414 173 2471 νειρα
188 2387 233 2448 καί
256 2383 405 2466 ταρακτικία
419 2387 471 2443 τῶν
488 2382 547 2442 καθ’
561 2382 642 2442 ύπνον
657 2379 753 2462 όψεων,
775 2403 880 2460 μαρτυ-

107 2477 165 2558 ρίοις
178 2478 294 2558 ἐχρῶντο
304 2481 359 2540 τοῖς
372 2495 400 2532 τε
416 2470 527 2547 κυάμοις
540 2469 585 2529 καί
599 2474 632 2549 τῇ
645 2471 747 2548 κτραλῆ
765 2473 811 2528 τοῦ
827 2489 879 2529 πο-

105 2566 226 2636 λύποδος,
241 2553 277 2621 ῶν
291 2559 437 2643 ἀπέχεσθαι
451 2555 586 2618 κελεύουσι
608 2555 667 2621 τοὺς
686 2535 822 2633 δεομένους
834 2559 881 2627 τῆς

107 2653 147 2712 διά
160 2657 211 2713 τῶν
221 2650 327 2729 ὀνείρων
342 2650 481 2726 μαντικῆς.

144 2741 187 2816 (li.
219 2738 329 2797 ibidem
358 2735 434 2794 iuira
460 2754 483 2793 s.
509 2735 543 2808 3,
570 2732 621 2791 ubi
644 2733 751 2808 legitur
776 2754 782 2788 :
806 2733 882 2791 Παῦε

106 2829 256 2900 ποικίλλων,
270 2825 330 2907 ἔφη,
342 2823 406 2904 πρὸς
412 2827 493 2899 ἡμᾶς·
508 2823 537 2880 ού
550 2819 600 2900 γάρ
611 2821 769 2896 ἀγνοοῦμεν,
785 2817 825 2876 ότι
835 2815 883 2888 τὴν

107 2915 298 2998 Ἀριστοτέλους
313 2911 389 2982 δόξαν
410 2913 583 2987 εὐδοκιμῆσαι
606 2909 778 2988 βουλόμενος,
794 2905 884 2985 ῶσπερ

108 3007 184 3066 σκιάν
200 3005 266 3082 αύτῇ
281 3001 329 3074 τὴν
341 2999 509 3079 Δημοκρίτου
522 2995 740 3078 παραῶέύληκας.

427 3129 463 3186 35
489 3127 583 3204 (ιιι).

149 3271 185 3326 Α.
198 3264 310 3323 Gellius
326 3262 407 3321 Noct.
425 3266 481 3319 lue
493 3256 572 3330 lllll,
588 3260 606 3316 6
623 3276 631 3316 ς
652 3261 689 3312 In
702 3227 894 3314 Problcrnatis'

109 3356 298 3412 dmsrorenrs
305 3349 464 3428 philosophi
477 3354 518 3406 ita
527 3353 663 3422 scriptum
676 3357 716 3401 est
732 3341 808 3403 εΔιά
822 3342 848 3400 τί
862 3344 887 3403 οἱ

108 3441 156 3520 μὲν
166 3439 349 3520 αἰσχυνόμενοι
364 3439 525 3518 ἐρυθριῶοιν,
540 3437 563 3493 οἱ
575 3432 603 3492 δὲ
615 3429 773 3513 ρούούμενοι
784 3432 888 3512 ὠχριῶ-

108 3555 161 3606 σιν,
178 3527 370 3610 παραπλησίων
397 3528 448 3584 τῶν
472 3527 563 3583 παθῶν
587 3521 681 3591 durum
703 3518 743 3578 du
767 3522 819 3578 τῶν
838 3517 886 3596 μίν

1636 309 1695 369 θθθ

964 702 1026 760 Νοιι
1042 702 1154 775 eadem,
1169 699 1274 760 sedbis
1287 697 1396 757 similia
1409 696 1545 771 leguntur
1558 695 1590 753 in
1601 693 1699 753 Probl.

924 809 947 848 s.
973 787 1098 865 xxvu,
1115 789 1145 861 s,
1170 788 1207 860 a,
1227 783 1331 857 xxxi,
1353 784 1390 859 ³3
1410 780 1528 853 xxxii,
1550 802 1578 853 ι,
1596 782 1626 852 ν,
1652 802 1698 850 ιι,

926 879 974 946 31,
989 876 1041 936 ubi
1056 889 1152 935 tamen
1164 873 1201 933 de
1211 873 1275 932 solo
1286 870 1395 930 rubore
1407 869 1522 927 aurium
1536 870 1646 927 mentio
1654 868 1696 924 fit.

924 966 973 1025 ct.
993 965 1088 1024 Cassii
1113 962 1217 1023 Probi.
1238 969 1288 1038 ¹⁸9·
1305 958 1464 1018 Alexandri
1476 953 1579 1015 Probi.
1603 956 1625 1026 1,
1653 975 1699 1025 ιο,

929 1062 974 1122 lli,
995 1054 1172 1130 15,19,3a.

1234 1215 1272 1274 36
1293 1211 1389 1290 (δθρ).

967 1371 1003 1430 Α.
1021 1367 1132 1426 Gellius
1143 1365 1229 1426 Noct.
1249 1365 1307 1423 dit.
1328 1361 1350 1433 l,
1368 1379 1399 1416 ιι
1416 1378 1423 1413 :
1440 1360 1548 1414 Morem
1562 1369 1655 1411 autern
1672 1357 1706 1408 il-

928 1462 984 1515 Ιαιιι
996 1457 1172 1534 ingrediendi
1193 1454 1235 1508 od
1243 1449 1386 1508 tibicinum
1410 1447 1534 1503 modulos
1548 1446 1647 1519 proelii
1660 1448 1706 1497 in-

926 1555 1049 1604 stitutum
1063 1565 1122 1602 esse
1141 1542 1394 1603 ahrcedoernoniis
1405 1536 1601 1592 Ansrornuns
1625 1537 1655 1586 in
1672 1533 1707 1585 li-

929 1636 985 1693 hrir
995 1635 1204 1692 Problemnturn
1218 1633 1338 1704 scripsit,
1353 1646 1408 1701 quo
1425 1619 1605 1693 manifestior
1619 1622 1708 1694 fieret

929 1727 1155 1799 captoratiorque
1186 1719 1303 1776 militurn
1334 1719 1467 1772 securitas
1501 1722 1530 1765 et
1559 1711 1705 1764 alacritas.

930 1816 1006 1871 ll'anr
1030 1808 1214 1885 dfffidentioe,
1237 1810 1337 1882 inquit,
1359 1816 1389 1859 et
1411 1805 1504 1857 tirnori
1521 1817 1583 1853 curn
1602 1800 1708 1869 ingres-

929 1919 1005 1958 sione
1028 1897 1219 1971 hujrncernodi
1232 1899 1348 1951 mininie
1360 1893 1484 1946 convenit
1505 1899 1533 1942 et
1556 1888 1647 1940 rriaesti
1667 1895 1710 1936 ot-

931 2008 983 2064 que
994 1985 1230 2064 sornridnntesab
1246 1983 1300 2037 hoc
1320 1993 1378 2036 torn
1392 1976 1531 2050 intrepido
1543 1991 1577 2027 oc
1591 1983 1649 2026 tarn
1661 1974 1709 2024 de·

931 2097 996 2134 corn
1015 2075 1165 2131 incedendi
1189 2072 1379 2129 modulatione
1404 2067 1492 2120 alieni
1516 2073 1588 2118 scint.
1612 2060 1706 2113 Verbo

929 2185 1025 2242 pauco
1048 2164 1203 2220 Aristotelis
1226 2177 1311 2233 snper
1333 2175 1369 2212 ea
1387 2173 1417 2209 re
1446 2154 1566 2226 apparui
1591 2144 1665 2204 ιΔιάι
1685 2143 1711 2202 τί

932 2250 1038 2314 ἓπειδάν
1053 2248 1178 2325 πολεμεῖν
1200 2244 1327 2322 μέλλωσι,
1344 2241 1409 2320 πρὸς
1422 2236 1502 2296 αὐλὸν
1523 2232 1708 2310 ίμθαίνουσιν,

932 2343 976 2400 ἵνα
987 2338 1047 2406 τούς
1061 2334 1160 2403 δειλούς
1171 2335 1386 2413 ἀσχημονοῦντας
1400 2325 1573 2405 γινῶοκωσιν.

1241 2503 1276 2573 37
1300 2499 1404 2576 (δύο).

976 2680 1091 2738 Plinius
1103 2676 1178 2734 llist.
1191 2673 1255 2732 Nat.
1273 2668 1313 2743 ll,
1334 2688 1386 2725 ror
1405 2687 1413 2721 z
1438 2667 1540 2721 Omnia
1553 2660 1709 2735 plenilunio

937 2775 1027 2826 nrnra'a
1066 2776 1259 2838 pargantur...
1293 2759 1337 2813 leis
1365 2755 1481 2810 addit...
1517 2751 1712 2805 Antsrorenes

936 2860 1045 2913 nullum
1071 2853 1183 2909 nninrnl
1210 2853 1268 2904 niri
1292 2857 1362 2901 oestu
1388 2841 1529 2896 νεανίσκοι
1557 2839 1710 2909 exspirare.

940 2947 1118 3002 Observatum
1135 2942 1166 2996 id
1182 2939 1296 2994 nrulturn
1313 2940 1341 2987 iu
1356 2931 1465 2987 Gallico
1480 2927 1592 2982 Oceano
1603 2934 1631 2978 et
1644 2922 1713 2974 riun-

939 3045 1024 3089 torot
1038 3036 1067 3086 in
1075 3031 1376 3098 lrorninecornpcrtum.
1388 3016 1432 3074 Cf.
1448 3009 1625 3072 Posidonius
1637 3006 1713 3084 apud

939 3119 1123 3178 priscianum
1134 3113 1240 3184 Quaest.
1255 3129 1286 3188 p.
1304 3108 1358 3178 θοι
1372 3103 1420 3162 ed.
1438 3100 1536 3160 llidot.

1250 3268 1287 3324 38
1302 3264 1365 3339 (351
1379 3261 1398 3337 ψ.

980 3426 1084 3485 Athen.
1107 3420 1144 3490 X,
1168 3420 1235 3487 434,
1249 3413 1272 3471 Ε
1284 3435 1291 3469 ι
1305 3409 1509 3485 Ἐξοδοροῦαθαι
1531 3376 1582 3480 γάρ
1600 3418 1678 3480 ρησιν
1698 3397 1712 3452 θ

939 3509 1183 3594 Ἀριστοτέλης
1204 3507 1231 3563 ἐν
1253 3501 1307 3566 τοῖς
1325 3495 1441 3579 ρυσυιοῖς
1461 3487 1640 3570 Προθλιίμασι
1660 3485 1713 3541 τῶν

108 3617 305 3701 alerannum
329 3618 460 3696 διαχεῖται
481 3613 511 3672 τὸ
528 3601 596 3688 αἷμα
616 3611 646 3669 ἐκ
658 3614 704 3682 πῶς
718 3605 827 3686 καρδίας
845 3607 882 3671 τίς
914 3635 919 3649 ·
941 3600 1065 3662 τοιούτων
1080 3599 1142 3672 [τῶν
1157 3589 1304 3670 μεθυόντων
1317 3584 1394 3657 scil.)
1409 3581 1457 3651 τὴν
1473 3578 1562 3654 γονήν.

105 3691 1713 3751 -·....-.....-.------—-----··

108 3791 181 3839 alias.
195 3786 256 3837 Tuis
263 3785 369 3849 ¹quidem
388 3782 468 3842 soriis,
482 3780 545 3831 meis
561 3777 627 3838 filiis,
643 3775 773 3826 ridebatur
787 3771 890 3824 solvisse

110 3879 208 3929 nodum
226 3876 382 3936 Aristoteles,
402 3885 482 3936 noque
496 3867 563 3920 aliud
580 3863 739 3930 querendum
762 3859 890 3926 putabant,

109 3969 156 4019 sed
179 3980 237 4018 curn
257 3977 287 4016 eo
301 3975 402 4014 aurumi
424 3961 449 4010 in
466 3958 562 4008 tructus
574 3949 744 4004 conterendam
765 3966 770 3996 ;
793 3945 835 4010 qui
850 3957 889 3994 re-

110 4061 200 4107 eeules
221 4057 247 4105 ct
267 4053 371 4103 humore
390 4046 480 4112 turgidi
502 4043 609 4094 multum
628 4037 850 4097 turbulentumque
869 4033 892 4080 in

107 4157 219 4209 corpore
241 4140 356 4207 spiritum
373 4133 570 4201 generantum
587 4127 653 4179 euim
670 4123 756 4173 riuum
772 4119 893 4170 duntaxat

65 4274 70 4281 .
109 4233 274 4284 eilerresoere
287 4232 313 4279 et
331 4227 465 4290 insurgere,
479 4223 505 4271 et
518 4219 601 4270 oleum
612 4225 697 4265 rreens
713 4221 855 4272 expressum
868 4206 894 4255 iu

111 4321 223 4374 inermis
238 4316 362 4384 probabile
380 4316 420 4364 est
436 4312 587 4372 obstrepere,
609 4304 689 4354 oalore
707 4299 800 4355 ilatum,
822 4293 895 4359 quusi

110 4413 219 4461 tinctum
229 4406 362 4472 quendum,
372 4403 475 4461 adonio,
492 4396 536 4448 sed
550 4396 575 4446 et
592 4391 743 4442 irumeutum
756 4397 858 4444 norum,
869 4385 895 4431 et

111 4513 250 4566 pomorum
264 4510 343 4563 genus
360 4507 433 4544 οιιιιιο
447 4488 562 4540 ridemur
574 4487 673 4535 tumere
684 4481 761 4540 uque
773 4471 896 4532 distendi,

110 4594 198 4643 ilonea
212 4591 285 4640 italus
301 4589 326 4638 et
338 4584 448 4636 eruditas
467 4591 553 4631 eorum
567 4571 723 4626 discutiatur.
739 4565 813 4616 Cibos
825 4576 897 4628 porro

111 4673 242 4740 quosdam
258 4683 313 4722 esse
334 4667 378 4732 qui
399 4662 513 4715 difficiles
531 4669 632 4711 somnos
643 4651 743 4711 iaciant,
754 4651 780 4699 et
793 4645 899 4697 animam

112 4761 284 4829 perturbent,
296 4758 415 4809 testatum
436 4749 490 4802 iteri
506 4747 618 4798 labarum
642 4738 769 4803 exemplo,
788 4738 814 4785 et
829 4733 899 4798 poly-

112 4852 194 4920 podis
211 4847 301 4913 eapite,
322 4843 414 4909 quibus
431 4837 554 4890 abstinere
572 4830 717 4898 juberentur
730 4824 773 4888 qui
785 4821 896 4872 divinare

113 4957 165 5009 per
178 4951 294 4991 somnum
303 4932 430 4998 cuperent.

492 5021 531 5066 35.

153 5123 209 5170 Cur
225 5113 371 5167 erubescant
387 5109 430 5172 qui
455 5103 547 5171 pudure
566 5097 715 5155 alliciantur,
737 5091 844 5156 palleant
860 5084 907 5148 qui.

221 5213 387 5256 ινιετοτειεε,
404 5209 461 5245 τοι.
479 5205 514 5242 ιν.

946 3771 1022 3828 metu,
1042 3779 1118 3830 quum
1133 3764 1189 3814 istu
1208 3756 1351 3810 affectiones
1372 3750 1465 3803 sirniloe
1480 3746 1530 3798 sint
1545 3745 1608 3796 iuter
1627 3747 1671 3794 se?
1684 3747 1720 3791 an

946 3856 1064 3920 sidoniam
1088 3850 1182 3917 pudore
1205 3845 1303 3897 allectis
1322 3840 1423 3904 sanguis
1439 3839 1471 3889 de
1495 3835 1568 3887 eonle
1589 3833 1615 3883 in
1635 3844 1721 3880 omnes

943 3943 1058 4014 ¹corporis
1075 3937 1230 3996 dillumliiur,
1250 3934 1285 3984 ita
1303 3934 1332 3980 ut
1350 3927 1509 3992 surerliciem
1524 3924 1636 3984 οοοιιροι,
1650 3919 1721 3968 metu

946 4046 1006 4084 vero
1019 4030 1140 4096 perculsis
1153 4024 1185 4076 ad
1198 4037 1241 4073 eor
1256 4017 1401 4079 ntirubitur,
1415 4015 1449 4065 ita
1464 4017 1493 4064 ut
1507 4010 1596 4064 oeterls
1609 4004 1721 4071 partibus

951 4123 1065 4173 deficiat?

1318 4224 1346 4270 37

961 4373 965 4379 -
982 4315 1723 4404 Cur,ubieonrrnismripinlinrusuutltocedaeruordiscit).

951 4434 983 4483 nd
1001 4431 1066 4482 tibiae
1077 4425 1190 4478 ruodulos
1200 4419 1407 4486 congrediuntur?
1422 4418 1455 4488 Ut
1465 4410 1568 4464 timidos
1579 4408 1663 4458 minus
1679 4403 1723 4454 de·

952 4522 1120 4583 nonagenus
1132 4511 1287 4577 cognoscant.

1325 4625 1364 4672 38.

985 4745 1145 4797 Ebriosorum
1159 4741 1286 4791 bominum
1301 4731 1455 4798 genituram,
1482 4724 1517 4775 ait
1539 4717 1682 4773 Aristoides
1702 4713 1728 4765 in

956 4819 1242 4894 murmuraremus,
1257 4817 1282 4867 iu
1296 4827 1386 4878 auriam
1400 4811 1450 4862 iere
1459 4805 1563 4859 resolui.
