4134 6134
329 429 389 491 ίθθ
866 429 1111 494 atttsnonntts
1132 431 1379 498 FRAGMENTA.

1120 570 1129 600 '·'
1154 562 1239 622 ἀτοπα
1320 567 1407 627 Τοῦτο
1425 563 1453 622 δέ
1472 561 1616 638 πολλοστὸν
1637 561 1685 640 μέν
1713 565 1773 622 ’ἐστι
1794 564 1875 645 μέρος
1898 557 1937 624 ὧν

1154 650 1383 733 Ἀριστοτέλης
1398 653 1424 710 ἐν
1448 650 1570 732 τῷλόγῳ
1592 655 1630 732 τῷ
1645 652 1706 731 περί
1724 655 1775 712 τῶν
1792 653 1940 714 Ἐναντιο-

1087 767 1096 795 ν
1152 740 1238 812 τήτων
1254 741 1397 822 ἠπόρησεν.

656 581 668 618 1
686 560 780 638 (rii).

361 715 532 794 Simplicius
546 717 577 773 in
588 715 686 792 Categ.
702 717 720 775 i.
734 718 784 794 98,
804 721 824 779 Γ
838 720 884 779 ed.
900 719 988 781 basil.
1006 741 1035 799 p.
1048 723 1084 780 83

321 796 360 867 Α,
375 793 540 867 13,Brand.
556 816 562 850 :
579 793 650 854 ’stt’
664 795 755 866 ἐπειδὴ
764 797 909 877 ,σαφηνείας
919 799 1010 878 ἐτυχιν
1020 803 1037 870 ἡ
1049 805 1095 859 τοῦ

321 879 510 962 Ἀριστοτέλους
522 880 604 954 λέξις,
617 882 714 959 ίδωμεν
731 882 778 942 καί
786 883 836 944 ὅσα
849 888 887 964 τῷ
901 885 973 966 τόπῳ
985 887 1094 966 προσεξ-

321 968 472 1049 εργάζονται
500 971 524 1026 oi
546 967 702 1050 κλεινότεροι
721 973 773 1030 τῶν
801 971 943 1050 ἐξηγητῶν·
965 976 1018 1032 τῶν
1043 974 1094 1055 γδρ

320 1060 446 1117 Στωικῶν
458 1057 526 1135 μέγα
539 1055 700 1138 φρονούντων
719 1058 763 1119 ἐπὶ
777 1064 810 1138 τῇ
824 1065 876 1120 τῶν
895 1064 1008 1140 λογικῶν
1025 1062 1094 1142 ἐξερ-
1150 1061 1282 1138 ζητήμασι
1295 1061 1370 1142 scii.)
1383 1063 1407 1120 ei
1421 1057 1474 1120 cirri
1485 1063 1531 1130 τῆς
1544 1061 1627 1127 Στοᾶς
1641 1059 1788 1140 ἐχρήσαντο
1799 1071 1868 1120 πᾶσι
1883 1063 1938 1121 καί

319 1143 414 1226 γασίορ,
425 1143 452 1203 ἐν
467 1167 495 1203 τε
508 1152 561 1212 τοῖς
573 1145 661 1213 ἄλλοις
673 1145 719 1204 καί
734 1146 779 1204 ἐπί
793 1149 846 1206 τῶν
859 1147 983 1207 ἐναντίων
1008 1171 1092 1209 σπου·
1149 1157 1202 1217 τοῖς
1216 1149 1305 1217 ἄλλοις
1317 1151 1459 1230 διορισμοῖς
1479 1150 1534 1214 τοῖς
1552 1146 1612 1227 περὶ
1626 1150 1677 1206 τῶν
1699 1148 1822 1206 ἐναντίων
1837 1146 1866 1206 Ἀ
1875 1171 1890 1226 ρ
1900 1173 1911 1207 τ
1920 1183 1934 1193 ·

318 1229 422 1301 δάζουσι
434 1231 564 1291 δεικνύναι
575 1231 724 1292 ότιπάντων
738 1232 785 1303 τάς
796 1233 936 1314 ἀφορμδιςδ
949 1236 1094 1315 ’Aptero-
1150 1238 1285 1298 στοτέλι
1295 1261 1303 1296 ι
1312 1235 1471 1304 κατδιπόδας
1480 1234 1671 1308 ἠκολούθησαν,
1679 1233 1777 1295 ἐκείνου
1789 1235 1836 1304 τίς
1848 1237 1936 1318 ἀφορ-

318 1318 414 1392 τέλης
434 1319 568 1400 παρέσχεν
584 1321 661 1380 ἐνένί
676 1321 771 1401 βιόλίῳ
795 1321 886 1402 δπερί
898 1322 1093 1402 ’ἀντικειμένων
1150 1324 1201 1400 μδις
1215 1327 1302 1393 αὐτοῖς
1321 1323 1463 1389 δεδωκότος
1481 1323 1507 1380 ἐν
1527 1323 1565 1402 τῷ
1585 1321 1646 1401 περί
1660 1326 1711 1380 τῶν
1726 1321 1932 1396 Ἆντικειμένων
2043 1363 2044 1421 γ

1462 867 1478 904 n
1504 846 1607 924 (145).

1188 972 1229 1034 ld.
1240 975 1279 1036 ib.
1295 974 1327 1047 E,
1341 996 1370 1053 p.
1384 975 1434 1043 83,
1448 973 1482 1045 lt,
1495 995 1524 1045 7,
1537 971 1642 1030 Brand.
1658 994 1664 1028 :
1678 963 1845 1038 Τούτοιςούν
1860 975 1938 1054 [τοῖς

317 1407 480 1488 ἐπέγραψεν,
494 1411 521 1467 ἐν
536 1401 558 1490 ᾧ
573 1409 619 1468 καί
631 1411 747 1490 ἀποριῶν
761 1412 817 1469 ἐστὶ
831 1413 927 1482 πλῆθος
940 1411 1091 1492 ἀμήχανον,
1149 1413 1344 1494 συγγράμματι,
1355 1409 1384 1478 ἃς
1396 1407 1577 1489 ἐξειργάσαντο
1585 1411 1612 1467 ἐν
1618 1410 1671 1476 τοῖς
1680 1411 1766 1468 αύτῶν
1779 1409 1931 1488 βιόλίοις...
2043 1423 2044 1428 ’

316 1487 353 1556 ῶν
362 1498 453 1577 δλίγην
463 1500 556 1559 ἐκεῖνοι
566 1493 660 1579 μοῖραν
669 1497 821 1581 παρέθεντο.
830 1500 885 1561 Καί
892 1501 923 1559 τὰ
930 1500 978 1579 μέν
985 1501 1054 1562 ἄλλα
1065 1506 1092 1563 ἐν
1147 1499 1189 1560 ib.
1202 1508 1237 1568 ni
1253 1522 1259 1557 :
1277 1499 1408 1570 Τοιαύτης
1422 1497 1449 1555 δέ
1463 1493 1541 1568 οὔσης
1555 1499 1601 1568 τῆς
1611 1498 1731 1569 Στωικῆς
1746 1498 1931 1570 διδασκαλίας,

316 1591 447 1668 εἰσαγωγῇ
456 1587 639 1666 παρεμόαλεῖν
652 1591 699 1649 οὒκ
712 1588 828 1670 ιύλογον,
840 1589 889 1649 ὅσα
905 1590 932 1649 δέ
946 1591 1092 1670 συμφώνως
1147 1585 1245 1663 ίδωμεν
1258 1589 1314 1654 πῶς
1328 1584 1409 1657 αιἰιήν
1423 1585 1475 1644 ἀπὸ
1488 1588 1536 1656 τῆς
1544 1583 1736 1663 Ἀριστοτέλους
1753 1582 1928 1664 παραδόσεως

316 1676 466 1736 οίΣτωικοί
479 1679 517 1757 τῷ
529 1677 700 1758 Ἀριστοτέλει
712 1677 878 1750 διετάξαντο,
890 1685 974 1738 ταῦτα
986 1680 1086 1760 ῥητέον,
1146 1673 1365 1754 παρεσπάσαντο.
1380 1663 1466 1738 Οἶτστ
1485 1671 1535 1752 γὰρ
1551 1673 1577 1728 ἐν
1591 1673 1630 1751 τῷ
1648 1673 1708 1751 περὶ
1729 1670 1928 1748 Ἀντικιιμένων

313 1761 399 1843 ‘Opes
413 1764 496 1823 τοίνυν
513 1768 629 1824 παλαιοῦ
638 1765 699 1846 περί
716 1769 767 1824 τῶν
780 1766 906 1824 ἐναντίων
919 1767 1089 1842 καταῶεόλη-
1145 1759 1193 1832 τήν
1214 1759 1378 1831 δικαιοσύνην
1394 1759 1457 1841 πρὸς
1472 1757 1519 1830 τήν
1536 1757 1640 1817 ἀδικίαν
1654 1758 1773 1818 ἐναντίαν
1792 1759 1875 1838 λέγει·
1896 1765 1927 1820 οὗ

315 1851 404 1928 μένου,
413 1843 495 1911 nisui
504 1852 648 1932 ἔμπροσθεν
656 1853 899 1931 ἐμνημονεύσαμεν,
910 1853 1007 1914 ότιδσα
1018 1856 1088 1917 ἐστίν
1145 1848 1264 1928 λέγεσθαι
1289 1847 1316 1907 δέ
1337 1848 1382 1907 τδν
1405 1848 1503 1908 δίκαιον
1523 1848 1561 1926 τῷ
1583 1845 1665 1926 ἀδίκῳ
1685 1847 1799 1907 ἐναντίον
1824 1851 1924 1928 φησίν,

316 1941 365 2018 (ὅτι
375 1939 444 2001 ἐστίν
451 1938 499 1998 ὅσα
509 1961 586 2000 corr.
598 1940 712 2017 Rosius)
723 1942 750 1998 έν
763 1944 801 2022 τῷ
811 1943 882 2022 αὐτῷ
888 1942 955 2019 γένει
966 1945 1087 2004 πλεῖστον

314 2028 437 2100 ἀλλήλων
466 2027 582 2108 διαφέρει
608 2028 779 2110 (διαφέροντα
800 2029 969 2111 Brandis.],
992 2029 1086 2103 ηίίθυνε

312 2115 358 2174 τὸν
372 2114 430 2194 όρον
446 2114 646 2194 θ’θριστοτέλης
660 2118 687 2174 ἐν
698 2119 737 2198 τῷ
754 2116 877 2195 περὶτῶν
891 2116 1087 2195 Ἀντικειμένων

313 2206 454 2270 πολυειδῶς
473 2203 616 2284 βασανίσας
631 2204 717 2263 αὐτόν·
737 2207 782 2264 καί
800 2205 853 2285 γδρ
871 2208 894 2263 εί
912 2205 958 2264 καί
978 2205 1013 2265 τά
1027 2207 1086 2266 δια-

299 2292 423 2373 φέροντα
448 2291 553 2350 ἐναντία
574 2292 643 2350 ἐστίν
664 2289 807 2364 ἐπέστησε,
832 2292 878 2352 καί
900 2295 954 2364 riri
975 2293 1087 2374 διαφορδι

312 2377 462 2451 ἐναντιότης
483 2369 550 2438 εἶναι
569 2378 693 2452 δύναται,
712 2380 758 2437 καὶ
772 2381 795 2438 εί
815 2384 832 2451 ἡ
853 2389 928 2439 πᾶσα
951 2381 1088 2452 διόστασίς

312 2468 412 2539 ἐστινὴ
426 2466 456 2525 τδ
473 2468 596 2524 πλεῖστον
621 2465 796 2547 διαφέρουσα,
822 2466 869 2526 καί
890 2469 913 2526 εί
935 2470 1032 2530 cedria
1054 2470 1087 2529 τίι

312 2557 433 2614 πλεῖστον
458 2552 590 2632 ἀπέχοντα
612 2557 650 2634 τῷ
669 2553 703 2613 τὰ
725 2556 846 2616 πλείσταν
867 2555 1022 2637 διαφέροντα
1036 2559 1089 2638 (τῷ

311 2641 342 2700 τδ
363 2644 411 2704 πλ.
428 2643 574 2722 διαφέροντι
594 2642 763 2722 Brendis.),
787 2643 833 2703 καί
847 2644 884 2712 τίς
904 2649 921 2716 ἡ
945 2644 1088 2714 ἀπόστασις

311 2729 358 2789 καί
371 2733 426 2798 πῶς
440 2734 484 2789 τοῦ
500 2733 621 2790 πλεῖστον
633 2730 741 2811 ἀπέχειν
756 2730 906 2793 ἀκουστέον.
919 2721 971 2792 Ὧν
983 2732 1087 2793 ἀτόπων

312 2816 443 2898 φανέντων
474 2816 653 2899 προσληπτέον
679 2843 706 2879 τι
733 2822 770 2898 τῷ
789 2819 870 2898 γένει,
883 2818 926 2880 ’ίνα
941 2811 960 2900 ᾖ
978 2820 1037 2900 όρος
1054 2819 1087 2879 τό

310 2908 432 2966 πλεῖστον
447 2906 581 2986 ἀπέχοντα
596 2909 623 2966 ἐν
636 2911 674 2988 τῷ
687 2909 758 2989 αύτῷ
771 2908 850 2986 γένει.
868 2908 921 2969 Καί
934 2908 993 2968 τίνα
1003 2906 1089 2990 τούτῳ

312 2993 398 3054 ἄτοπα
413 2993 521 3068 ἕπεται,
535 2993 580 3054 καλ
595 2997 618 3054 ei
637 2993 756 3076 ἑτερότης
763 2996 832 3056 ἐστίν
847 3001 864 3068 ἡ
878 2996 1026 3070 ἐναντιότης
1041 2997 1086 3056 καί

309 3084 332 3140 εί
341 3081 374 3140 τὰ
382 3081 499 3160 μέλιττα
508 3083 584 3162 ἕτερα
592 3080 708 3157 ἐναντία,
719 3082 812 3150 ἀλλους
823 3106 851 3142 τε
861 3083 953 3157 έθηκεν
964 3083 1087 3163 ἐλέγχους

309 3170 440 3237 πλείονας.
461 3168 638 3251 Χρησαμένου
654 3169 681 3228 δὲ
696 3169 767 3248 ὅμως
780 3175 818 3253 τῷ
833 3171 885 3252 ὅρῳ
899 3171 984 3253 τούτῳ
1006 3173 1035 3230 ίν
1049 3175 1086 3252 τῷ

309 3256 370 3337 περί
385 3263 524 3317 τοῦποσοῦ
538 3257 609 3337 λόγῳ
633 3257 778 3339 (Cetegor.
794 3281 819 3318 c.
837 3262 886 3338 ts
906 3259 958 3340 16)
974 3256 1043 3336 μιτδι
1056 3258 1086 3318 τδ

310 3344 523 3422 ἐπισημήνασθαι
536 3344 576 3403 ότι
590 3344 700 3413 παλαιὸς
722 3349 736 3404 δ
750 3346 821 3425 δρας,
836 3348 861 3406 ei
875 3345 928 3406 ἀπδ
941 3352 988 3419 τ’ής
1001 3348 1087 3414 Στοᾶς

309 3431 507 3512 παραλαύόντες
522 3432 598 3492 αὐτὸν
609 3433 772 3513 ἐχρήσαντο,
789 3433 818 3492 τδ
833 3433 881 3512 μέν
896 3434 990 3514 σαθρὸν
1006 3437 1087 3492 αὐτοῦ

309 3516 550 3598 παραδεικνύοντες,
559 3521 715 3600 πειρώμενοι
723 3521 750 3581 δέ
762 3523 828 3590 θλως
837 3521 907 3582 λύειν
919 3521 953 3581 τά
962 3523 1086 3583 δοκοῦντα

586 3713 625 3759 DE
641 3713 809 3761 OPPOSITlS.

689 3849 711 3892 l.

339 3961 419 4017 Quum
433 3961 534 4010 muitum
545 3960 675 4024 ponentur
689 3961 760 4013 stoici
773 3963 804 4013 eb
816 3962 874 4026 ipsis
890 3963 1022 4014 doctrinam
1036 3965 1089 4028 logi

308 4059 361 4096 cam
373 4047 500 4110 perfectam
510 4061 564 4098 esse
574 4050 600 4099 et
617 4048 642 4098 in
658 4049 743 4100 ceteris
754 4051 810 4100 etin
822 4050 852 4101 iis
863 4052 1090 4114 quedecontrerits

307 4133 467 4198 disputantur,
481 4135 523 4198 qui
541 4136 720 4199 prestantiores
733 4141 790 4189 sunt
800 4137 1085 4203 interpretum,dem0n-

307 4225 383 4272 strare
399 4223 546 4274 contendunt
560 4224 669 4275 omnium
686 4227 837 4278 mnasonem
847 4227 980 4291 prebuisse
997 4228 1090 4278 Aristo·

307 4310 377 4360 telem
394 4311 416 4359 in
430 4311 535 4374 quodam
546 4311 607 4363 libro
625 4325 697 4377 quem
718 4313 749 4365 de
764 4314 896 4366 Contrariis
914 4315 1050 4378 inscripsit,
1062 4316 1086 4366 in

309 4410 357 4460 que
373 4396 547 4448 dubitationum
558 4399 664 4450 infinitus
675 4399 737 4451 inest
747 4414 862 4452 numerus
875 4415 978 4466 quemm
990 4415 1088 4464 parram

311 4486 404 4546 partem
415 4484 447 4533 itii
458 4489 628 4548 apposuerunt.
641 4491 672 4537 ut
680 4487 776 4551 quidun
787 4491 866 4540 eciem
877 4490 902 4540 in
915 4490 1090 4542 introductione

311 4583 360 4620 nnn
376 4571 443 4620 tacite
456 4575 493 4622 est
506 4574 660 4639 subjungere,
678 4589 734 4640 qum
745 4590 803 4627 τετυ
814 4577 887 4628 stoici
898 4592 930 4628 ex
942 4581 1023 4628 mente
1032 4578 1088 4627 Ari·

311 4657 404 4707 stotetis
419 4659 593 4711 constituerunt
603 4675 631 4712 ee
648 4661 735 4714 dicam
748 4666 839 4716 liversa
848 4664 920 4729 igitur
931 4665 1029 4729 antique
1042 4665 1085 4717 de·

311 4741 416 4794 fruitione
424 4745 610 4812 contraderem,
623 4749 692 4812 cuius
703 4753 727 4802 et
739 4764 811 4816 supra
824 4753 990 4817 meminimus,
1001 4768 1087 4820 nempe

309 4843 541 4896 enessequoequum
550 4834 667 4887 ineodcm
682 4837 1085 4906 sintgenerepiurimumdiiterant,

308 4918 474 4974 definitionem
483 4921 620 4974 emendavit
629 4924 768 4978 Αιίείοίαίοι
778 4925 805 4978 ίιι
816 4927 879 4980 libro
894 4927 925 4980 de
938 4930 1085 4994 Contrariis,

309 5005 463 5057 multifariam
469 5008 494 5058 in
500 5021 602 5058 examen
610 5013 728 5061 νυοείεειι.
733 5013 985 5078 Ειυείιιιθυίιίιινοτίι,
994 5030 1051 5066 num
1061 5020 1085 5068 ct

307 5107 364 5157 qno
374 5093 484 5146 dittermt
498 5097 617 5147 contraria
628 5101 694 5160 sunt,
708 5102 732 5149 et
744 5100 765 5150 si
777 5100 908 5153 differentia
919 5105 1076 5156 contrarietas

308 5199 363 5238 esse
371 5186 456 5251 pouit,
464 5189 489 5238 et
498 5202 555 5238 num
564 5189 644 5239 omnis
655 5188 766 5240 distentia
778 5204 807 5242 es
816 5191 847 5242 sit
858 5206 913 5255 quee
921 5194 1027 5244 maxime
1038 5193 1086 5244 dii·

309 5275 378 5338 ierat,
387 5279 412 5328 et
420 5290 478 5326 num
492 5276 556 5328 idem
569 5276 600 5330 sit
609 5278 714 5330 maxime
727 5279 816 5332 distare
827 5282 851 5330 et
865 5279 1083 5345 maximenrnerre,

1145 1937 1205 1999 ἀλλ’
1220 1937 1342 2005 ἐναντίως
1368 1937 1526 1997 διακεῖσθαι.
1546 1935 1579 1994 Ei
1601 1934 1691 1996 dixeri
1713 1939 1799 1994 ταῦτα
1817 1939 1926 1997 ἐναντία

1145 2027 1224 2109 φησί,
1244 2027 1338 2092 διττῶς
1349 2023 1490 2106 ῥηθήσεται
1502 2023 1532 2082 τδ
1547 2021 1671 2082 ἐναντίον·
1685 2022 1703 2094 ἢ
1717 2022 1768 2102 γδιρ
1782 2022 1843 2082 καθ’
1858 2023 1926 2082 αύτά

1143 2114 1177 2173 sir
1192 2112 1295 2173 ἐναντία
1310 2115 1465 2195 ῥηθήσεται,
1485 2101 1537 2171 οἷον
1552 2109 1632 2188 ἀρετή
1648 2110 1694 2168 καί
1713 2108 1811 2188 κακία,
1824 2110 1928 2184 κίνησις

1144 2200 1277 2280 στοίσις,ἢ
1291 2205 1330 2282 τῷ
1341 2200 1460 2280 μετέχειν
1472 2197 1608 2272 ἐναντίων,
1619 2189 1671 2257 οίον
1685 2197 1715 2258 τδ
1726 2199 1878 2274 κινούμενον
1888 2204 1926 2279 τῷ

1143 2289 1264 2362 έστηκότι
1275 2287 1321 2348 καί
1334 2288 1365 2347 τδ
1380 2286 1475 2367 ἀγαθδν
1489 2291 1527 2365 τῷ
1537 2287 1621 2367 κακῷ.

1183 2379 1250 2437 Haec
1259 2377 1514 2456 itaiuterpretntur
1526 2374 1695 2453 Simplicius
1705 2395 1712 2432 ο
1721 2373 1769 2436 Ἔν
1778 2365 1816 2441 οἷς
1825 2375 1924 2444 ἐδίδαξε

1144 2465 1224 2525 deiri
1238 2465 1294 2533 τοὺς
1307 2463 1396 2532 ποιούς
1409 2466 1457 2524 οὐκ
1470 2453 1542 2524 εἶπεν
1557 2463 1697 2531 ἐναντίους·
1709 2461 1769 2523 ἐπεί
1781 2463 1834 2545 γδρ
1849 2465 1919 2523 κατέ

1144 2553 1260 2635 μετοχὴν
1268 2556 1292 2613 ei
1302 2559 1372 2614 ποιοί
1386 2551 1695 2634 εἰσιδιοίφοροι,οὗκάντδ
1704 2553 1815 2634 μετέχον
1829 2553 1924 2631 ὁμοίαις

1143 2633 1173 2701 ού
1189 2641 1295 2724 μετέχει
1308 2643 1419 2720 λέγοιτο,
1434 2641 1503 2701 ἀλλά
1518 2642 1618 2717 μᾶλλον
1630 2639 1728 2700 ἐκείνου
1744 2639 1864 2722 μετέχει,
1879 2645 1923 2702 καί

1142 2731 1307 2812 παρώνυμα,
1322 2729 1396 2810 ιῖτερ
1411 2729 1483 2809 ἄρα,
1497 2729 1542 2788 ἀπ’
1561 2730 1647 2788 αὐτῶν
1662 2719 1743 2802 εἶναι,
1758 2732 1793 2796 ὣς
1809 2732 1863 2790 ἀπὸ
1875 2734 1923 2802 τῆς

1144 2817 1300 2890 λευκότητος
1313 2816 1342 2876 τδ
1355 2816 1459 2878 λευκόν.
1475 2815 1555 2878 Ἐπεί
1570 2805 1613 2876 σύν
1630 2815 1781 2898 ήφρόνησις
1794 2821 1828 2896 τῇ
1840 2823 1922 2898 dippe-

1143 2907 1207 2985 σύνῃ
1222 2905 1353 2979 ἐναντίον,
1369 2908 1415 2964 οὐκ
1427 2904 1458 2964 δν
1472 2904 1519 2964 καί
1532 2907 1557 2963 ni
1572 2904 1724 2984 μετέχοντες
1740 2910 1836 2986 ρηθεῖεν
1845 2909 1921 2965 ἔναν-

1143 2994 1208 3070 τίοι,
1227 2993 1295 3054 ἀλλὰ
1316 2993 1436 3073 μετέχειν
1460 2991 1594 3052 ἐναντίων.
1614 2994 1647 3052 Ei
1671 2992 1699 3052 δέ
1714 2994 1761 3052 καί
1778 2993 1860 3052 ταῦτα’
1879 3017 1920 3058 τις

1142 3087 1219 3144 καλεῖ
1231 3082 1349 3156 ἐναντία,
1365 3081 1513 3155 διελέσθαι,
1527 3081 1623 3162 φησίν,
1640 3081 1754 3164 δφείλει,
1770 3083 1816 3142 καί
1826 3082 1860 3141 cri
1872 3082 1919 3158 μέν

1140 3173 1225 3251 λέγειν
1248 3171 1338 3236 ἅπλῶς
1361 3169 1479 3243 ἐναντία,
1500 3168 1534 3229 sd
1555 3167 1583 3229 δέ
1597 3172 1635 3251 τῷ
1655 3170 1776 3250 μετέχειν
1797 3172 1919 3230 ἐναντίων

1141 3265 1283 3332 κεκλῆσθαι
1294 3259 1406 3318 ἐναντία.
1416 3255 1546 3326 Ὀντοςδέ
1559 3259 1666 3318 δυνατοῦ
1677 3259 1708 3318 τό
1720 3258 1784 3319 αὐτὸ
1796 3259 1842 3318 καί
1852 3260 1919 3318 κατὰ

1143 3345 1280 3407 ἀσύνθετον
1313 3345 1381 3419 ωνήν
1392 3348 1484 3415 εἰπεῖν,
1495 3336 1548 3407 οἷον
1564 3346 1688 3426 φρόνησιν
1703 3344 1865 3428 ἀφροσύνην,
1876 3349 1918 3406 καί

1143 3437 1176 3495 δι’
1191 3434 1263 3514 θρου,
1280 3369 1332 3492 eins
1343 3434 1490 3512 ἐπιστήμην
1503 3435 1606 3511 ἀγαθῶν
1622 3433 1668 3493 καί
1681 3437 1772 3494 κακῶν
1786 3435 1832 3493 καὶ
1846 3435 1917 3495 οὐδε-

1141 3521 1235 3602 τέρων,
1250 3521 1296 3580 καί
1306 3521 1354 3594 τήν
1364 3521 1510 3602 ἀφροσύνην
1519 3522 1626 3600 ἀγνοιον
1637 3525 1689 3581 τῶν
1702 3523 1802 3595 αὐτῶν,
1818 3526 1918 3594 ζητοῦσι

1145 3703 1201 3752 qno
1217 3690 1248 3740 sit
1259 3689 1370 3738 distantia
1384 3691 1409 3738 et
1423 3687 1544 3752 quomodo
1558 3689 1687 3752 plurimum
1699 3691 1729 3740 ab
1742 3689 1825 3754 atiquo
1833 3689 1919 3740 distare

1145 3775 1228 3826 aridire
1243 3777 1359 3839 oportent.
1377 3777 1524 3838 Quanquam
1537 3775 1641 3825 absurda
1655 3789 1709 3826 esse
1729 3779 1845 3840 appareat
1862 3776 1917 3836 adii·

1145 3864 1255 3915 ciendum
1267 3863 1400 3926 estaiiquid
1410 3863 1506 3927 generi,
1518 3862 1552 3912 ita
1563 3864 1590 3912 nt
1602 3861 1709 3914 detinitio
1721 3864 1776 3914 tntis
1787 3863 1917 3915 efficimur:

1148 3973 1160 3996 e
1172 3965 1227 4016 quae
1237 3951 1341 4002 maxime
1352 3949 1447 4001 diversa
1459 3953 1515 4002 eunt
1527 3950 1552 4000 in
1564 3949 1647 4001 eodem
1657 3964 1774 4015 generes.
1787 3954 1850 4010 Quo
1862 3964 1914 4002 reru

1142 4055 1173 4090 en·
1194 4039 1240 4090 hae
1256 4037 1392 4089 definitione
1404 4037 1507 4088 absurde
1527 4041 1659 4101 sequentur
1676 4041 1700 4088 et
1718 4052 1777 4089 num
1793 4039 1915 4091 diversitas

1142 4125 1274 4176 diiterentie
1288 4123 1334 4186 sit,
1349 4126 1373 4174 et
1384 4136 1442 4174 num
1455 4135 1511 4187 ques
1519 4122 1624 4172 maxime
1636 4123 1731 4174 diversa
1742 4122 1862 4174 contraria
1873 4122 1916 4172 sint

1142 4213 1241 4276 quent,
1260 4211 1368 4274 pturibus
1384 4211 1481 4275 insuper
1495 4210 1582 4262 additis
1595 4211 1771 4273 argumentis...
1789 4213 1849 4262 flue
1862 4223 1915 4259 rere

1143 4299 1241 4350 minime
1257 4311 1310 4362 pars
1326 4298 1422 4349 iitnrum
1436 4301 1493 4350 sunt
1506 4297 1635 4362 dequibus
1648 4297 1762 4362 quesivit
1780 4296 1918 4349 Aristoteles

1143 4387 1169 4436 in
1180 4386 1339 4450 disputatione
1346 4385 1377 4436 de
1388 4384 1609 4436 Contrarietatibus.

1520 4547 1543 4590 θ.

1174 4669 1218 4719 ilis
1237 4667 1309 4731 igitur
1326 4665 1531 4730 disquisitionibus
1548 4667 1586 4718 usi
1602 4668 1659 4718 sunt
1670 4667 1742 4717 Stoici
1764 4666 1878 4717 omnibus
1895 4669 1918 4714 et

1142 4756 1227 4807 σείσειε
1247 4755 1277 4805 de
1292 4755 1417 4806 bonuariis
1429 4754 1637 4816 distinctionibus,
1650 4755 1803 4806 aristotelem
1817 4767 1832 4804 e
1845 4753 1915 4804 vesti·

1141 4845 1179 4908 gio
1191 4845 1357 4907 insequentes,
1373 4842 1414 4906 qui
1433 4842 1479 4894 iilis
1495 4845 1634 4908 armamenta
1651 4842 1756 4906 prebuit
1775 4842 1800 4892 in
1817 4840 1877 4891 tibro
1888 4841 1916 4890 de

1141 4930 1285 4999 Contrariis,
1303 4942 1360 4993 qnae
1379 4929 1404 4978 in
1425 4928 1476 4980 suis
1487 4928 1555 4980 libris
1566 4928 1762 4993 expetiverunt...
1779 4927 1845 4978 Taiis
1858 4939 1915 4975 rem

1139 5033 1213 5082 quum
1236 5017 1268 5068 sit
1290 5017 1425 5068 stoicorum
1447 5015 1572 5080 doctrina,
1595 5016 1720 5066 rideamus
1745 5017 1869 5080 quomode
1886 5014 1916 5062 ii·

1137 5107 1185 5158 iam
1200 5119 1230 5156 es
1242 5105 1272 5155 iis
1283 5118 1339 5170 qnae
1355 5104 1387 5154 eb
1397 5103 1524 5155 Aristotele
1536 5105 1622 5155 tradita
1634 5107 1691 5156 sunt
1707 5102 1861 5154 deduxerint.
1875 5101 1915 5152 iiie

1137 5193 1200 5245 enim
1213 5193 1237 5244 in
1251 5192 1312 5244 iibrn
1323 5191 1353 5243 de
1362 5191 1492 5243 Contrariis
1509 5191 1625 5254 justitiam
1636 5189 1759 5254 iniustitia
1771 5189 1916 5240 contrariam

1137 5281 1213 5342 dixit,
1230 5283 1368 5333 neneutern
1379 5281 1456 5345 inquit
1465 5281 1557 5342 justum
1572 5280 1651 5332 virum
1669 5276 1760 5342 injusto
1771 5277 1919 5328 eontrarium
