<?xml version="1.0" encoding="UTF-8"?>
<!DOCTYPE html PUBLIC "-//W3C//DTD XHTML 1.0 Transitional//EN"
    "http://www.w3.org/TR/xhtml1/DTD/xhtml1-transitional.dtd">
<html xmlns="http://www.w3.org/1999/xhtml" xml:lang="en" lang="en">
 <head>
  <title>
</title>
<meta http-equiv="Content-Type" content="text/html;charset=utf-8" />
  <meta name='ocr-system' content='tesseract 3.04.00' />
  <meta name='ocr-capabilities' content='ocr_page ocr_carea ocr_par ocr_line ocrx_word'/>
</head>
<body>
  <div class='ocr_page' id='page_1' title='image "aristotelisoper12arisgoog_0046.png"; bbox 0 0 4134 6134; ppageno 0'>
   <div class='ocr_carea' id='block_1_1' title="bbox 315 391 1392 464">
    <p class='ocr_par' dir='ltr' id='par_1_1' title="bbox 315 391 1392 464">
     <span class='ocr_line' id='line_1_1' title="bbox 315 391 1392 464; baseline -0.003 -9"><span class='ocrx_word' id='word_1_1' title='bbox 315 454 319 464; x_wconf 87' lang='grc'>,</span> <span class='ocrx_word' id='word_1_2' title='bbox 341 397 378 455; x_wconf 77' lang='lat'><strong>{6</strong></span> <span class='ocrx_word' id='word_1_3' title='bbox 878 391 1122 452; x_wconf 76' lang='lat' dir='ltr'>ARISTOTELIS</span> <span class='ocrx_word' id='word_1_4' title='bbox 1143 391 1392 453; x_wconf 73' lang='lat' dir='ltr'><strong>FRAGMENTA.</strong></span> 
     </span>
    </p>
   </div>
   <div class='ocr_carea' id='block_1_2' title="bbox 340 521 1957 1043">
    <p class='ocr_par' dir='ltr' id='par_1_2' title="bbox 340 521 1957 1043">
     <span class='ocr_line' id='line_1_2' title="bbox 340 521 1957 605; baseline -0.003 -21"><span class='ocrx_word' id='word_1_5' title='bbox 340 545 426 604; x_wconf 87' lang='lat' dir='ltr'><strong>posse</strong></span> <span class='ocrx_word' id='word_1_6' title='bbox 434 525 595 605; x_wconf 83' lang='lat' dir='ltr'>respondit,</span> <span class='ocrx_word' id='word_1_7' title='bbox 607 523 701 583; x_wconf 90' lang='lat' dir='ltr'><strong>statim</strong></span> <span class='ocrx_word' id='word_1_8' title='bbox 712 521 934 602; x_wconf 76' lang='lat' dir='ltr'><strong>veroaddit,lip.</strong></span> <span class='ocrx_word' id='word_1_9' title='bbox 948 523 984 580; x_wconf 89' lang='lat' dir='ltr'><strong>ad</strong></span> <span class='ocrx_word' id='word_1_10' title='bbox 993 525 1052 584; x_wconf 76' lang='lat' dir='ltr'><strong>titt.</strong></span> <span class='ocrx_word' id='word_1_11' title='bbox 1064 522 1114 594; x_wconf 81' lang='lat' dir='ltr'><strong>lV,</strong></span> <span class='ocrx_word' id='word_1_12' title='bbox 1170 523 1241 580; x_wconf 91' lang='lat' dir='ltr'><strong>titur</strong></span> <span class='ocrx_word' id='word_1_13' title='bbox 1254 542 1313 580; x_wconf 88' lang='lat' dir='ltr'><strong>nou</strong></span> <span class='ocrx_word' id='word_1_14' title='bbox 1328 521 1423 580; x_wconf 89' lang='lat' dir='ltr'><strong>solum</strong></span> <span class='ocrx_word' id='word_1_15' title='bbox 1435 521 1584 580; x_wconf 71' lang='lat' dir='ltr'><strong>Ciceronis</strong></span> <span class='ocrx_word' id='word_1_16' title='bbox 1598 521 1699 580; x_wconf 85' lang='lat' dir='ltr'><strong>verbis</strong></span> <span class='ocrx_word' id='word_1_17' title='bbox 1710 542 1776 600; x_wconf 85' lang='lat' dir='ltr'><strong>quae</strong></span> <span class='ocrx_word' id='word_1_18' title='bbox 1786 522 1848 599; x_wconf 86' lang='lat' dir='ltr'><strong>jam</strong></span> <span class='ocrx_word' id='word_1_19' title='bbox 1859 541 1957 600; x_wconf 82' lang='lat' dir='ltr'><strong>supra</strong></span> 
     </span>
     <span class='ocr_line' id='line_1_3' title="bbox 345 607 1956 689; baseline -0.001 -20"><span class='ocrx_word' id='word_1_20' title='bbox 345 614 379 670; x_wconf 82' lang='lat'><strong>16</strong></span> <span class='ocrx_word' id='word_1_21' title='bbox 394 632 401 668; x_wconf 78' lang='grc' dir='ltr'>ι</span> <span class='ocrx_word' id='word_1_22' title='bbox 414 617 517 688; x_wconf 81' lang='lat' dir='ltr'><strong>Itaque</strong></span> <span class='ocrx_word' id='word_1_23' title='bbox 527 614 693 689; x_wconf 77' lang='lat' dir='ltr'><em>cogitabam,</em></span> <span class='ocrx_word' id='word_1_24' title='bbox 703 616 832 686; x_wconf 87' lang='lat' dir='ltr'><strong>quoniam</strong></span> <span class='ocrx_word' id='word_1_25' title='bbox 848 616 876 666; x_wconf 89' lang='lat' dir='ltr'><strong>in</strong></span> <span class='ocrx_word' id='word_1_26' title='bbox 893 614 1013 685; x_wconf 75' lang='lat' dir='ltr'><em>siugulis</em></span> <span class='ocrx_word' id='word_1_27' title='bbox 1038 613 1117 667; x_wconf 85' lang='lat' dir='ltr'><strong>libris</strong></span> <span class='ocrx_word' id='word_1_28' title='bbox 1168 630 1206 669; x_wconf 80' lang='lat' dir='ltr'><strong>ea</strong></span> <span class='ocrx_word' id='word_1_29' title='bbox 1216 610 1355 686; x_wconf 69' lang='lat' dir='ltr'><strong>Epistolis</strong></span> <span class='ocrx_word' id='word_1_30' title='bbox 1369 609 1405 667; x_wconf 90' lang='lat' dir='ltr'><strong>ad</strong></span> <span class='ocrx_word' id='word_1_31' title='bbox 1421 610 1511 670; x_wconf 78' lang='lat' dir='ltr'><strong>Attio.</strong></span> <span class='ocrx_word' id='word_1_32' title='bbox 1526 607 1609 675; x_wconf 83' lang='lat' dir='ltr'><strong>lllll,</strong></span> <span class='ocrx_word' id='word_1_33' title='bbox 1628 631 1676 687; x_wconf 88' lang='lat'><strong>19,</strong></span> <span class='ocrx_word' id='word_1_34' title='bbox 1690 618 1707 676; x_wconf 71' lang='lat' dir='ltr'><strong>lt</strong></span> <span class='ocrx_word' id='word_1_35' title='bbox 1723 611 1886 682; x_wconf 80' lang='lat' dir='ltr'><strong>attulimus,</strong></span> <span class='ocrx_word' id='word_1_36' title='bbox 1900 614 1956 668; x_wconf 73' lang='lat' dir='ltr'><strong>scd</strong></span> 
     </span>
     <span class='ocr_line' id='line_1_4' title="bbox 340 695 1954 776; baseline 0.001 -22"><span class='ocrx_word' id='word_1_37' title='bbox 340 714 403 756; x_wconf 89' lang='lat' dir='ltr'><strong>utor</strong></span> <span class='ocrx_word' id='word_1_38' title='bbox 420 706 577 776; x_wconf 82' lang='lat' dir='ltr'><strong>prooemiis,</strong></span> <span class='ocrx_word' id='word_1_39' title='bbox 592 712 623 754; x_wconf 91' lang='lat' dir='ltr'><strong>ut</strong></span> <span class='ocrx_word' id='word_1_40' title='bbox 644 701 806 755; x_wconf 84' lang='lat' dir='ltr'><strong>Aristoteles</strong></span> <span class='ocrx_word' id='word_1_41' title='bbox 825 705 855 754; x_wconf 89' lang='lat' dir='ltr'><strong>ia</strong></span> <span class='ocrx_word' id='word_1_42' title='bbox 875 705 908 754; x_wconf 88' lang='lat' dir='ltr'><strong>t&#39;is</strong></span> <span class='ocrx_word' id='word_1_43' title='bbox 927 719 994 774; x_wconf 84' lang='lat' dir='ltr'><strong>quos</strong></span> <span class='ocrx_word' id='word_1_44' title='bbox 1021 695 1116 766; x_wconf 79' lang='grc' dir='ltr'>ίξωτι-</span> <span class='ocrx_word' id='word_1_45' title='bbox 1167 712 1196 758; x_wconf 89' lang='lat' dir='ltr'><strong>et</strong></span> <span class='ocrx_word' id='word_1_46' title='bbox 1204 699 1242 758; x_wconf 95' lang='lat' dir='ltr'><strong>iis</strong></span> <span class='ocrx_word' id='word_1_47' title='bbox 1254 699 1360 776; x_wconf 84' lang='lat' dir='ltr'><strong>quaein</strong></span> <span class='ocrx_word' id='word_1_48' title='bbox 1372 695 1503 776; x_wconf 83' lang='lat' dir='ltr'><strong>Epistola</strong></span> <span class='ocrx_word' id='word_1_49' title='bbox 1512 698 1549 756; x_wconf 91' lang='lat' dir='ltr'><strong>ad</strong></span> <span class='ocrx_word' id='word_1_50' title='bbox 1559 697 1699 768; x_wconf 86' lang='lat' dir='ltr'><strong>Quintum</strong></span> <span class='ocrx_word' id='word_1_51' title='bbox 1713 699 1843 769; x_wconf 86' lang='lat' dir='ltr'><strong>fratrem,</strong></span> <span class='ocrx_word' id='word_1_52' title='bbox 1856 697 1914 770; x_wconf 88' lang='grc' dir='ltr'>ΙΙΙ,</span> <span class='ocrx_word' id='word_1_53' title='bbox 1924 701 1954 769; x_wconf 78' lang='grc'><strong>5,</strong></span> 
     </span>
     <span class='ocr_line' id='line_1_5' title="bbox 341 784 1954 866; baseline 0 -22"><span class='ocrx_word' id='word_1_54' title='bbox 341 784 426 864; x_wconf 80' lang='grc' dir='ltr'>ριιιοὺς</span> <span class='ocrx_word' id='word_1_55' title='bbox 444 802 540 859; x_wconf 86' lang='lat' dir='ltr'><strong>uocat,</strong></span> <span class='ocrx_word' id='word_1_56' title='bbox 563 790 674 862; x_wconf 81' lang='lat' dir='ltr'><strong>aliquid</strong></span> <span class='ocrx_word' id='word_1_57' title='bbox 696 785 809 860; x_wconf 84' lang='lat' dir='ltr'><strong>efficere</strong></span> <span class='ocrx_word' id='word_1_58' title='bbox 824 801 855 842; x_wconf 92' lang='lat' dir='ltr'><strong>ut</strong></span> <span class='ocrx_word' id='word_1_59' title='bbox 877 794 959 844; x_wconf 90' lang='lat' dir='ltr'><strong>istum</strong></span> <span class='ocrx_word' id='word_1_60' title='bbox 986 807 1042 843; x_wconf 88' lang='lat' dir='ltr'><strong>non</strong></span> <span class='ocrx_word' id='word_1_61' title='bbox 1056 792 1118 842; x_wconf 88' lang='lat' dir='ltr'><strong>siae</strong></span> <span class='ocrx_word' id='word_1_62' title='bbox 1168 787 1298 866; x_wconf 84' lang='lat' dir='ltr'><strong>scripsit,</strong></span> <span class='ocrx_word' id='word_1_63' title='bbox 1306 804 1411 863; x_wconf 76' lang='lat' dir='ltr'><strong>nempe</strong></span> <span class='ocrx_word' id='word_1_64' title='bbox 1420 784 1477 863; x_wconf 87' lang='lat' dir='ltr'><strong>ipsi</strong></span> <span class='ocrx_word' id='word_1_65' title='bbox 1486 785 1635 843; x_wconf 75' lang='lat' dir='ltr'><strong>Aristoteli</strong></span> <span class='ocrx_word' id='word_1_66' title='bbox 1644 785 1676 843; x_wconf 90' lang='lat' dir='ltr'><strong>in</strong></span> <span class='ocrx_word' id='word_1_67' title='bbox 1684 786 1724 844; x_wconf 84' lang='lat' dir='ltr'><strong>iis</strong></span> <span class='ocrx_word' id='word_1_68' title='bbox 1734 806 1797 863; x_wconf 75' lang='lat' dir='ltr'><strong>quse</strong></span> <span class='ocrx_word' id='word_1_69' title='bbox 1806 786 1845 844; x_wconf 86' lang='lat' dir='ltr'><strong>de</strong></span> <span class='ocrx_word' id='word_1_70' title='bbox 1860 807 1954 864; x_wconf 85' lang='lat' dir='ltr'><strong>repu-</strong></span> 
     </span>
     <span class='ocr_line' id='line_1_6' title="bbox 340 872 1952 951; baseline 0.001 -21"><span class='ocrx_word' id='word_1_71' title='bbox 340 895 425 932; x_wconf 89' lang='lat' dir='ltr'><strong>caasa</strong></span> <span class='ocrx_word' id='word_1_72' title='bbox 436 879 618 951; x_wconf 81' lang='lat' dir='ltr'><strong>appellarem.</strong></span> <span class='ocrx_word' id='word_1_73' title='bbox 634 873 677 931; x_wconf 86' lang='lat' dir='ltr'><strong>Ex</strong></span> <span class='ocrx_word' id='word_1_74' title='bbox 689 872 744 931; x_wconf 91' lang='lat' dir='ltr'><strong>hoc</strong></span> <span class='ocrx_word' id='word_1_75' title='bbox 755 893 826 932; x_wconf 88' lang='lat' dir='ltr'><strong>vero</strong></span> <span class='ocrx_word' id='word_1_76' title='bbox 838 875 903 932; x_wconf 92' lang='lat' dir='ltr'><strong>loco</strong></span> <span class='ocrx_word' id='word_1_77' title='bbox 914 875 995 940; x_wconf 81' lang='lat' dir='ltr'><strong>(eum</strong></span> <span class='ocrx_word' id='word_1_78' title='bbox 1003 893 1063 951; x_wconf 92' lang='lat' dir='ltr'><strong>quo</strong></span> <span class='ocrx_word' id='word_1_79' title='bbox 1076 874 1114 934; x_wconf 86' lang='lat' dir='ltr'><strong>el.</strong></span> <span class='ocrx_word' id='word_1_80' title='bbox 1167 872 1246 932; x_wconf 90' lang='lat' dir='ltr'><strong>blica</strong></span> <span class='ocrx_word' id='word_1_81' title='bbox 1260 886 1288 931; x_wconf 88' lang='lat' dir='ltr'><strong>et</strong></span> <span class='ocrx_word' id='word_1_82' title='bbox 1302 885 1456 951; x_wconf 75' lang='lat' dir='ltr'><strong>praestante</strong></span> <span class='ocrx_word' id='word_1_83' title='bbox 1467 873 1533 930; x_wconf 84' lang='lat' dir='ltr'><strong>viro</strong></span> <span class='ocrx_word' id='word_1_84' title='bbox 1545 872 1707 950; x_wconf 77' lang='lat' dir='ltr'><strong>scripserit,</strong></span> <span class='ocrx_word' id='word_1_85' title='bbox 1722 874 1753 931; x_wconf 91' lang='lat' dir='ltr'><strong>id</strong></span> <span class='ocrx_word' id='word_1_86' title='bbox 1767 888 1823 947; x_wconf 91' lang='lat' dir='ltr'><strong>est,</strong></span> <span class='ocrx_word' id='word_1_87' title='bbox 1839 875 1952 933; x_wconf 80' lang='lat' dir='ltr'><strong>sivein</strong></span> 
     </span>
     <span class='ocr_line' id='line_1_7' title="bbox 341 959 1953 1043; baseline -0.002 -23"><span class='ocrx_word' id='word_1_88' title='bbox 341 963 431 1043; x_wconf 89' lang='lat' dir='ltr'><strong>Epist.</strong></span> <span class='ocrx_word' id='word_1_89' title='bbox 459 963 494 1021; x_wconf 84' lang='lat' dir='ltr'><strong>ad</strong></span> <span class='ocrx_word' id='word_1_90' title='bbox 515 960 681 1033; x_wconf 78' lang='lat' dir='ltr'><strong>na..xit1‚</strong></span> <span class='ocrx_word' id='word_1_91' title='bbox 701 963 731 1031; x_wconf 88' lang='grc'><strong>6,</strong></span> <span class='ocrx_word' id='word_1_92' title='bbox 754 973 783 1032; x_wconf 89' lang='lat' dir='ltr'><strong>et</strong></span> <span class='ocrx_word' id='word_1_93' title='bbox 807 961 892 1033; x_wconf 84' lang='lat' dir='ltr'><strong>Xlll,</strong></span> <span class='ocrx_word' id='word_1_94' title='bbox 915 963 970 1038; x_wconf 74' lang='lat'><strong>32)</strong></span> <span class='ocrx_word' id='word_1_95' title='bbox 996 962 1116 1020; x_wconf 86' lang='lat' dir='ltr'><strong>sortasse</strong></span> <span class='ocrx_word' id='word_1_96' title='bbox 1168 959 1285 1037; x_wconf 79' lang='lat' dir='ltr'><strong>dialogo</strong></span> <span class='ocrx_word' id='word_1_97' title='bbox 1307 960 1344 1018; x_wconf 91' lang='lat' dir='ltr'><strong>de</strong></span> <span class='ocrx_word' id='word_1_98' title='bbox 1363 959 1501 1030; x_wconf 82' lang='lat' dir='ltr'><strong>iustitia,</strong></span> <span class='ocrx_word' id='word_1_99' title='bbox 1517 959 1580 1017; x_wconf 83' lang='lat' dir='ltr'><strong>sive</strong></span> <span class='ocrx_word' id='word_1_100' title='bbox 1601 961 1633 1017; x_wconf 91' lang='lat' dir='ltr'><strong>in</strong></span> <span class='ocrx_word' id='word_1_101' title='bbox 1658 959 1712 1017; x_wconf 90' lang='lat' dir='ltr'><strong>illo</strong></span> <span class='ocrx_word' id='word_1_102' title='bbox 1739 962 1789 1037; x_wconf 89' lang='lat' dir='ltr'><strong>qui</strong></span> <span class='ocrx_word' id='word_1_103' title='bbox 1806 962 1953 1028; x_wconf 67' lang='grc' dir='ltr'>Πολιτικὸς</span> 
     </span>
    </p>
   </div>
   <div class='ocr_carea' id='block_1_3' title="bbox 334 1046 1953 5256">
    <p class='ocr_par' dir='ltr' id='par_1_3' title="bbox 334 1046 1953 4555">
     <span class='ocr_line' id='line_1_8' title="bbox 340 1046 1953 1130; baseline -0.002 -21"><span class='ocrx_word' id='word_1_104' title='bbox 340 1051 510 1130; x_wconf 86' lang='lat' dir='ltr'><strong>explicanda</strong></span> <span class='ocrx_word' id='word_1_105' title='bbox 531 1062 600 1110; x_wconf 90' lang='lat' dir='ltr'><strong>sunt</strong></span> <span class='ocrx_word' id='word_1_106' title='bbox 619 1069 683 1127; x_wconf 82' lang='lat' dir='ltr'><strong>quae</strong></span> <span class='ocrx_word' id='word_1_107' title='bbox 702 1049 780 1128; x_wconf 84' lang='lat' dir='ltr'><strong>apud</strong></span> <span class='ocrx_word' id='word_1_108' title='bbox 798 1049 923 1108; x_wconf 90' lang='lat' dir='ltr'><strong>eundem</strong></span> <span class='ocrx_word' id='word_1_109' title='bbox 944 1049 1114 1108; x_wconf 79' lang='lat' dir='ltr'><strong>Ciceronem</strong></span> <span class='ocrx_word' id='word_1_110' title='bbox 1168 1047 1386 1120; x_wconf 79' lang='lat' dir='ltr'><strong>nominabatur,</strong></span> <span class='ocrx_word' id='word_1_111' title='bbox 1419 1067 1485 1106; x_wconf 90' lang='lat' dir='ltr'><strong>suas</strong></span> <span class='ocrx_word' id='word_1_112' title='bbox 1511 1059 1609 1125; x_wconf 88' lang='lat' dir='ltr'><strong>partes</strong></span> <span class='ocrx_word' id='word_1_113' title='bbox 1634 1046 1734 1106; x_wconf 86' lang='lat' dir='ltr'><strong>luisse.</strong></span> <span class='ocrx_word' id='word_1_114' title='bbox 1766 1047 1824 1106; x_wconf 86' lang='lat' dir='ltr'><strong>Nec</strong></span> <span class='ocrx_word' id='word_1_115' title='bbox 1848 1049 1953 1106; x_wconf 87' lang='lat' dir='ltr'><strong>minus</strong></span> 
     </span>
     <span class='ocr_line' id='line_1_9' title="bbox 340 1134 1951 1215; baseline -0.002 -19"><span class='ocrx_word' id='word_1_116' title='bbox 340 1138 411 1198; x_wconf 91' lang='lat' dir='ltr'><strong>alibi</strong></span> <span class='ocrx_word' id='word_1_117' title='bbox 426 1139 572 1215; x_wconf 88' lang='lat' dir='ltr'><strong>leguntur,</strong></span> <span class='ocrx_word' id='word_1_118' title='bbox 588 1136 642 1214; x_wconf 76' lang='lat' dir='ltr'><strong>Ep.</strong></span> <span class='ocrx_word' id='word_1_119' title='bbox 660 1136 696 1194; x_wconf 85' lang='lat' dir='ltr'><strong>ad</strong></span> <span class='ocrx_word' id='word_1_120' title='bbox 717 1137 824 1194; x_wconf 88' lang='lat' dir='ltr'><strong>divers.</strong></span> <span class='ocrx_word' id='word_1_121' title='bbox 839 1136 865 1207; x_wconf 94' lang='lat' dir='ltr'><strong>l,</strong></span> <span class='ocrx_word' id='word_1_122' title='bbox 886 1157 918 1213; x_wconf 90' lang='lat'><strong>9,</strong></span> <span class='ocrx_word' id='word_1_123' title='bbox 934 1137 971 1193; x_wconf 77' lang='lat'><strong>23</strong></span> <span class='ocrx_word' id='word_1_124' title='bbox 989 1159 996 1194; x_wconf 92' lang='lat'>:</span> <span class='ocrx_word' id='word_1_125' title='bbox 1011 1139 1117 1213; x_wconf 79' lang='lat' dir='ltr'><strong>Scripsi</strong></span> <span class='ocrx_word' id='word_1_126' title='bbox 1167 1135 1316 1212; x_wconf 88' lang='lat' dir='ltr'><strong>egregium</strong></span> <span class='ocrx_word' id='word_1_127' title='bbox 1330 1135 1367 1193; x_wconf 91' lang='lat' dir='ltr'><strong>de</strong></span> <span class='ocrx_word' id='word_1_128' title='bbox 1390 1135 1443 1193; x_wconf 91' lang='lat' dir='ltr'><strong>hac</strong></span> <span class='ocrx_word' id='word_1_129' title='bbox 1463 1153 1495 1192; x_wconf 90' lang='lat' dir='ltr'><strong>re</strong></span> <span class='ocrx_word' id='word_1_130' title='bbox 1513 1134 1611 1192; x_wconf 86' lang='lat' dir='ltr'><strong>Procli</strong></span> <span class='ocrx_word' id='word_1_131' title='bbox 1634 1146 1728 1192; x_wconf 80' lang='lat' dir='ltr'><strong>exstat</strong></span> <span class='ocrx_word' id='word_1_132' title='bbox 1746 1137 1951 1194; x_wconf 86' lang='lat' dir='ltr'><strong>testimoniam</strong></span> 
     </span>
     <span class='ocr_line' id='line_1_10' title="bbox 340 1220 1950 1302; baseline -0.001 -20"><span class='ocrx_word' id='word_1_133' title='bbox 340 1235 429 1302; x_wconf 82' lang='lat' dir='ltr'><strong>igitur</strong></span> <span class='ocrx_word' id='word_1_134' title='bbox 446 1229 600 1283; x_wconf 85' lang='lat' dir='ltr'><strong>Aristotelis</strong></span> <span class='ocrx_word' id='word_1_135' title='bbox 622 1245 711 1296; x_wconf 86' lang='lat' dir='ltr'><strong>more,</strong></span> <span class='ocrx_word' id='word_1_136' title='bbox 734 1227 972 1299; x_wconf 81' lang='lat' dir='ltr'><strong>quemadmodum</strong></span> <span class='ocrx_word' id='word_1_137' title='bbox 1001 1229 1115 1300; x_wconf 82' lang='lat' dir='ltr'><strong>quidam</strong></span> <span class='ocrx_word' id='word_1_138' title='bbox 1169 1223 1247 1302; x_wconf 85' lang='lat' dir='ltr'><strong>apud</strong></span> <span class='ocrx_word' id='word_1_139' title='bbox 1260 1223 1404 1282; x_wconf 77' lang='lat' dir='ltr'><strong>ioannem</strong></span> <span class='ocrx_word' id='word_1_140' title='bbox 1418 1222 1537 1301; x_wconf 86' lang='lat' dir='ltr'><strong>Philop.</strong></span> <span class='ocrx_word' id='word_1_141' title='bbox 1554 1222 1598 1280; x_wconf 81' lang='lat' dir='ltr'><strong>De</strong></span> <span class='ocrx_word' id='word_1_142' title='bbox 1611 1220 1713 1279; x_wconf 88' lang='lat' dir='ltr'><strong>mundi</strong></span> <span class='ocrx_word' id='word_1_143' title='bbox 1733 1234 1835 1283; x_wconf 81' lang='lat' dir='ltr'><strong>aetern.</strong></span> <span class='ocrx_word' id='word_1_144' title='bbox 1853 1221 1901 1298; x_wconf 89' lang='lat' dir='ltr'><strong>ll,</strong></span> <span class='ocrx_word' id='word_1_145' title='bbox 1920 1246 1950 1296; x_wconf 81' lang='lat'><strong>2,</strong></span> 
     </span>
     <span class='ocr_line' id='line_1_11' title="bbox 341 1309 1952 1388; baseline -0.001 -17"><span class='ocrx_word' id='word_1_146' title='bbox 341 1317 434 1384; x_wconf 84' lang='lat' dir='ltr'><strong>uolui,</strong></span> <span class='ocrx_word' id='word_1_147' title='bbox 451 1328 505 1370; x_wconf 84' lang='lat' dir='ltr'><strong>tres</strong></span> <span class='ocrx_word' id='word_1_148' title='bbox 520 1315 602 1369; x_wconf 85' lang='lat' dir='ltr'><strong>libros</strong></span> <span class='ocrx_word' id='word_1_149' title='bbox 617 1318 645 1368; x_wconf 89' lang='lat' dir='ltr'><strong>in</strong></span> <span class='ocrx_word' id='word_1_150' title='bbox 655 1315 893 1386; x_wconf 75' lang='lat' dir='ltr'><strong>disputationibus</strong></span> <span class='ocrx_word' id='word_1_151' title='bbox 907 1334 942 1368; x_wconf 93' lang='lat' dir='ltr'><strong>ac</strong></span> <span class='ocrx_word' id='word_1_152' title='bbox 955 1316 1072 1388; x_wconf 84' lang='lat' dir='ltr'><strong>dialogo</strong></span> <span class='ocrx_word' id='word_1_153' title='bbox 1080 1319 1117 1370; x_wconf 83' lang='lat' dir='ltr'><strong>tle</strong></span> <span class='ocrx_word' id='word_1_154' title='bbox 1170 1312 1220 1373; x_wconf 84' lang='lat' dir='ltr'><strong>sol.</strong></span> <span class='ocrx_word' id='word_1_155' title='bbox 1248 1311 1282 1383; x_wconf 87' lang='lat' dir='ltr'><strong>B,</strong></span> <span class='ocrx_word' id='word_1_156' title='bbox 1311 1333 1323 1369; x_wconf 88' lang='lat'><em>1</em></span> <span class='ocrx_word' id='word_1_157' title='bbox 1350 1329 1452 1382; x_wconf 78' lang='lat' dir='ltr'><strong>verso,</strong></span> <span class='ocrx_word' id='word_1_158' title='bbox 1483 1310 1560 1388; x_wconf 91' lang='lat' dir='ltr'><strong>quod</strong></span> <span class='ocrx_word' id='word_1_159' title='bbox 1583 1310 1660 1368; x_wconf 84' lang='lat' dir='ltr'><strong>infra</strong></span> <span class='ocrx_word' id='word_1_160' title='bbox 1684 1309 1762 1368; x_wconf 89' lang='lat' dir='ltr'><strong>inter</strong></span> <span class='ocrx_word' id='word_1_161' title='bbox 1787 1311 1952 1387; x_wconf 75' lang='lat' dir='ltr'><strong>fragmenta</strong></span> 
     </span>
     <span class='ocr_line' id='line_1_12' title="bbox 341 1395 1948 1476; baseline 0 -19"><span class='ocrx_word' id='word_1_162' title='bbox 341 1404 464 1466; x_wconf 77' lang='lat' dir='ltr'><strong>Oratore,</strong></span> <span class='ocrx_word' id='word_1_163' title='bbox 483 1399 524 1458; x_wconf 88' lang='lat' dir='ltr'><strong>ita</strong></span> <span class='ocrx_word' id='word_1_164' title='bbox 538 1411 581 1469; x_wconf 90' lang='lat' dir='ltr'><strong>ut,</strong></span> <span class='ocrx_word' id='word_1_165' title='bbox 598 1395 722 1475; x_wconf 80' lang='lat' dir='ltr'><strong>qnaehic</strong></span> <span class='ocrx_word' id='word_1_166' title='bbox 736 1397 948 1476; x_wconf 82' lang='lat' dir='ltr'><strong>disputationes</strong></span> <span class='ocrx_word' id='word_1_167' title='bbox 963 1412 1115 1469; x_wconf 85' lang='lat' dir='ltr'><strong>vocantur,</strong></span> <span class='ocrx_word' id='word_1_168' title='bbox 1168 1399 1288 1476; x_wconf 80' lang='lat' dir='ltr'><strong>dialogi</strong></span> <span class='ocrx_word' id='word_1_169' title='bbox 1304 1399 1340 1457; x_wconf 90' lang='lat' dir='ltr'><strong>tle</strong></span> <span class='ocrx_word' id='word_1_170' title='bbox 1366 1398 1561 1476; x_wconf 77' lang='lat' dir='ltr'><strong>Philosophia</strong></span> <span class='ocrx_word' id='word_1_171' title='bbox 1583 1396 1785 1476; x_wconf 86' lang='lat' dir='ltr'><strong>apposuimus.</strong></span> <span class='ocrx_word' id='word_1_172' title='bbox 1810 1398 1948 1457; x_wconf 85' lang='lat' dir='ltr'><strong>Ceterum</strong></span> 
     </span>
     <span class='ocr_line' id='line_1_13' title="bbox 339 1485 1950 1567; baseline 0.002 -24"><span class='ocrx_word' id='word_1_173' title='bbox 339 1487 412 1544; x_wconf 91' lang='lat' dir='ltr'><strong>nibil</strong></span> <span class='ocrx_word' id='word_1_174' title='bbox 429 1487 508 1546; x_wconf 90' lang='lat' dir='ltr'><strong>aliud</strong></span> <span class='ocrx_word' id='word_1_175' title='bbox 523 1487 582 1545; x_wconf 91' lang='lat' dir='ltr'><strong>sint</strong></span> <span class='ocrx_word' id='word_1_176' title='bbox 591 1505 677 1564; x_wconf 87' lang='lat' dir='ltr'><strong>quam</strong></span> <span class='ocrx_word' id='word_1_177' title='bbox 688 1487 753 1564; x_wconf 89' lang='lat' dir='ltr'><strong>ipsa</strong></span> <span class='ocrx_word' id='word_1_178' title='bbox 764 1488 816 1545; x_wconf 89' lang='lat' dir='ltr'><strong>illa</strong></span> <span class='ocrx_word' id='word_1_179' title='bbox 831 1487 991 1567; x_wconf 77' lang='lat' dir='ltr'><strong>prooemia,</strong></span> <span class='ocrx_word' id='word_1_180' title='bbox 1008 1487 1039 1546; x_wconf 89' lang='lat' dir='ltr'><strong>in</strong></span> <span class='ocrx_word' id='word_1_181' title='bbox 1049 1489 1114 1566; x_wconf 88' lang='lat' dir='ltr'><strong>qui·</strong></span> <span class='ocrx_word' id='word_1_182' title='bbox 1168 1487 1205 1546; x_wconf 94' lang='lat' dir='ltr'><strong>de</strong></span> <span class='ocrx_word' id='word_1_183' title='bbox 1219 1488 1354 1566; x_wconf 87' lang='lat' dir='ltr'><strong>personis</strong></span> <span class='ocrx_word' id='word_1_184' title='bbox 1365 1507 1438 1565; x_wconf 90' lang='lat' dir='ltr'><strong>quas</strong></span> <span class='ocrx_word' id='word_1_185' title='bbox 1453 1487 1621 1546; x_wconf 80' lang='lat' dir='ltr'><strong>Aristoteles</strong></span> <span class='ocrx_word' id='word_1_186' title='bbox 1634 1487 1666 1544; x_wconf 91' lang='lat' dir='ltr'><strong>in</strong></span> <span class='ocrx_word' id='word_1_187' title='bbox 1680 1485 1808 1561; x_wconf 81' lang='lat' dir='ltr'><strong>dialogis</strong></span> <span class='ocrx_word' id='word_1_188' title='bbox 1821 1486 1950 1546; x_wconf 70' lang='lat' dir='ltr'><strong>indute·</strong></span> 
     </span>
     <span class='ocr_line' id='line_1_14' title="bbox 338 1572 1946 1654; baseline 0.001 -23"><span class='ocrx_word' id='word_1_189' title='bbox 338 1573 393 1634; x_wconf 92' lang='lat' dir='ltr'><strong>bus</strong></span> <span class='ocrx_word' id='word_1_190' title='bbox 402 1576 497 1654; x_wconf 90' lang='lat' dir='ltr'><strong>ipsius</strong></span> <span class='ocrx_word' id='word_1_191' title='bbox 508 1575 636 1633; x_wconf 87' lang='lat' dir='ltr'><strong>auctoris</strong></span> <span class='ocrx_word' id='word_1_192' title='bbox 650 1576 807 1651; x_wconf 84' lang='lat' dir='ltr'><strong>exponitur</strong></span> <span class='ocrx_word' id='word_1_193' title='bbox 822 1575 975 1635; x_wconf 84' lang='lat' dir='ltr'><strong>sententia.</strong></span> <span class='ocrx_word' id='word_1_194' title='bbox 990 1575 1076 1645; x_wconf 83' lang='lat' dir='ltr'><strong>Quod</strong></span> <span class='ocrx_word' id='word_1_195' title='bbox 1088 1576 1113 1634; x_wconf 88' lang='lat' dir='ltr'><strong>si</strong></span> <span class='ocrx_word' id='word_1_196' title='bbox 1169 1577 1224 1650; x_wconf 91' lang='lat' dir='ltr'><strong>rit,</strong></span> <span class='ocrx_word' id='word_1_197' title='bbox 1252 1592 1367 1633; x_wconf 83' lang='lat' dir='ltr'><strong>teraene</strong></span> <span class='ocrx_word' id='word_1_198' title='bbox 1387 1594 1424 1631; x_wconf 91' lang='lat' dir='ltr'><strong>an</strong></span> <span class='ocrx_word' id='word_1_199' title='bbox 1451 1574 1523 1632; x_wconf 82' lang='lat' dir='ltr'><strong>fictae</strong></span> <span class='ocrx_word' id='word_1_200' title='bbox 1545 1573 1670 1643; x_wconf 87' lang='lat' dir='ltr'><strong>luerint,</strong></span> <span class='ocrx_word' id='word_1_201' title='bbox 1710 1572 1786 1631; x_wconf 86' lang='lat' dir='ltr'><strong>nihil</strong></span> <span class='ocrx_word' id='word_1_202' title='bbox 1817 1575 1946 1652; x_wconf 87' lang='lat' dir='ltr'><strong>amplias</strong></span> 
     </span>
     <span class='ocr_line' id='line_1_15' title="bbox 340 1659 1947 1741; baseline 0 -23"><span class='ocrx_word' id='word_1_203' title='bbox 340 1683 439 1721; x_wconf 88' lang='lat' dir='ltr'><strong>verum</strong></span> <span class='ocrx_word' id='word_1_204' title='bbox 452 1676 506 1734; x_wconf 88' lang='lat' dir='ltr'><strong>est,</strong></span> <span class='ocrx_word' id='word_1_205' title='bbox 524 1683 582 1721; x_wconf 92' lang='lat' dir='ltr'><strong>non</strong></span> <span class='ocrx_word' id='word_1_206' title='bbox 595 1661 656 1739; x_wconf 89' lang='lat' dir='ltr'><strong>jam</strong></span> <span class='ocrx_word' id='word_1_207' title='bbox 672 1662 740 1721; x_wconf 90' lang='lat' dir='ltr'><strong>huic</strong></span> <span class='ocrx_word' id='word_1_208' title='bbox 754 1664 818 1721; x_wconf 93' lang='lat' dir='ltr'><strong>loco</strong></span> <span class='ocrx_word' id='word_1_209' title='bbox 838 1663 912 1722; x_wconf 87' lang='lat' dir='ltr'><strong>alter</strong></span> <span class='ocrx_word' id='word_1_210' title='bbox 927 1663 1114 1741; x_wconf 84' lang='lat' dir='ltr'><strong>repugnabit,</strong></span> <span class='ocrx_word' id='word_1_211' title='bbox 1171 1675 1352 1740; x_wconf 88' lang='lat' dir='ltr'><strong>compertum</strong></span> <span class='ocrx_word' id='word_1_212' title='bbox 1373 1660 1533 1733; x_wconf 89' lang='lat' dir='ltr'><strong>habemus,</strong></span> <span class='ocrx_word' id='word_1_213' title='bbox 1553 1661 1612 1720; x_wconf 91' lang='lat' dir='ltr'><strong>nisi</strong></span> <span class='ocrx_word' id='word_1_214' title='bbox 1626 1659 1705 1738; x_wconf 89' lang='lat' dir='ltr'><strong>quod</strong></span> <span class='ocrx_word' id='word_1_215' title='bbox 1725 1660 1763 1718; x_wconf 86' lang='lat' dir='ltr'><strong>tie</strong></span> <span class='ocrx_word' id='word_1_216' title='bbox 1782 1660 1839 1718; x_wconf 88' lang='lat' dir='ltr'><strong>hac</strong></span> <span class='ocrx_word' id='word_1_217' title='bbox 1852 1681 1887 1718; x_wconf 84' lang='lat' dir='ltr'><strong>re</strong></span> <span class='ocrx_word' id='word_1_218' title='bbox 1911 1681 1947 1718; x_wconf 73' lang='lat' dir='ltr'><strong>et</strong></span> 
     </span>
     <span class='ocr_line' id='line_1_16' title="bbox 338 1747 1947 1828; baseline -0.002 -20"><span class='ocrx_word' id='word_1_219' title='bbox 338 1751 368 1808; x_wconf 90' lang='lat' dir='ltr'><strong>in</strong></span> <span class='ocrx_word' id='word_1_220' title='bbox 384 1771 443 1828; x_wconf 83' lang='lat' dir='ltr'><strong>quo</strong></span> <span class='ocrx_word' id='word_1_221' title='bbox 458 1753 498 1810; x_wconf 86' lang='lat' dir='ltr'><strong>ita</strong></span> <span class='ocrx_word' id='word_1_222' title='bbox 518 1750 637 1821; x_wconf 85' lang='lat' dir='ltr'><strong>Cicero,</strong></span> <span class='ocrx_word' id='word_1_223' title='bbox 651 1749 744 1828; x_wconf 84' lang='lat' dir='ltr'><strong>Epist.</strong></span> <span class='ocrx_word' id='word_1_224' title='bbox 760 1751 796 1809; x_wconf 88' lang='lat' dir='ltr'><strong>ati</strong></span> <span class='ocrx_word' id='word_1_225' title='bbox 814 1758 872 1812; x_wconf 74' lang='lat' dir='ltr'><strong>att.</strong></span> <span class='ocrx_word' id='word_1_226' title='bbox 897 1750 978 1823; x_wconf 88' lang='lat' dir='ltr'><strong>Xlll,</strong></span> <span class='ocrx_word' id='word_1_227' title='bbox 994 1772 1049 1826; x_wconf 87' lang='lat'><strong>19,</strong></span> <span class='ocrx_word' id='word_1_228' title='bbox 1070 1761 1086 1820; x_wconf 77' lang='lat' dir='ltr'><strong>i</strong></span> <span class='ocrx_word' id='word_1_229' title='bbox 1106 1777 1113 1812; x_wconf 92' lang='lat'><strong>:</strong></span> <span class='ocrx_word' id='word_1_230' title='bbox 1167 1748 1333 1826; x_wconf 89' lang='lat' dir='ltr'><strong>antiquiore</strong></span> <span class='ocrx_word' id='word_1_231' title='bbox 1345 1749 1550 1824; x_wconf 76' lang='lat' dir='ltr'><strong>sortassesonte</strong></span> <span class='ocrx_word' id='word_1_232' title='bbox 1560 1760 1709 1825; x_wconf 88' lang='lat' dir='ltr'><strong>acceptum</strong></span> <span class='ocrx_word' id='word_1_233' title='bbox 1718 1747 1807 1806; x_wconf 92' lang='lat' dir='ltr'><strong>tradit</strong></span> <span class='ocrx_word' id='word_1_234' title='bbox 1818 1747 1947 1806; x_wconf 74' lang='lat' dir='ltr'><strong>loannes</strong></span> 
     </span>
     <span class='ocr_line' id='line_1_17' title="bbox 337 1833 1947 1915; baseline 0.002 -24"><span class='ocrx_word' id='word_1_235' title='bbox 337 1840 501 1896; x_wconf 71' lang='lat' dir='ltr'><strong>Sententiam</strong></span> <span class='ocrx_word' id='word_1_236' title='bbox 511 1843 547 1896; x_wconf 86' lang='lat' dir='ltr'><strong>tle</strong></span> <span class='ocrx_word' id='word_1_237' title='bbox 556 1842 673 1896; x_wconf 83' lang='lat' dir='ltr'><strong>Oratore</strong></span> <span class='ocrx_word' id='word_1_238' title='bbox 684 1846 771 1896; x_wconf 88' lang='lat' dir='ltr'><strong>nostri</strong></span> <span class='ocrx_word' id='word_1_239' title='bbox 780 1854 841 1908; x_wconf 84' lang='lat' dir='ltr'><strong>tres,</strong></span> <span class='ocrx_word' id='word_1_240' title='bbox 858 1841 1116 1896; x_wconf 82' lang='lat' dir='ltr'><strong>ntiltiueltemeater</strong></span> <span class='ocrx_word' id='word_1_241' title='bbox 1167 1837 1349 1915; x_wconf 87' lang='lat' dir='ltr'><strong>Philoponus</strong></span> <span class='ocrx_word' id='word_1_242' title='bbox 1361 1837 1392 1894; x_wconf 92' lang='lat' dir='ltr'><strong>in</strong></span> <span class='ocrx_word' id='word_1_243' title='bbox 1406 1835 1540 1911; x_wconf 82' lang='lat' dir='ltr'><strong>Categor.</strong></span> <span class='ocrx_word' id='word_1_244' title='bbox 1554 1855 1584 1914; x_wconf 84' lang='lat' dir='ltr'><strong>p.</strong></span> <span class='ocrx_word' id='word_1_245' title='bbox 1602 1837 1648 1906; x_wconf 80' lang='lat'><strong>36,</strong></span> <span class='ocrx_word' id='word_1_246' title='bbox 1667 1836 1714 1906; x_wconf 71' lang='lat' dir='ltr'><strong>B„</strong></span> <span class='ocrx_word' id='word_1_247' title='bbox 1731 1835 1768 1893; x_wconf 77' lang='lat'><strong>28</strong></span> <span class='ocrx_word' id='word_1_248' title='bbox 1786 1834 1859 1895; x_wconf 79' lang='grc' dir='ltr'>ιἘν</span> <span class='ocrx_word' id='word_1_249' title='bbox 1875 1833 1905 1894; x_wconf 84' lang='grc' dir='ltr'>δι’</span> <span class='ocrx_word' id='word_1_250' title='bbox 1919 1858 1947 1910; x_wconf 74' lang='grc' dir='ltr'><strong>γε</strong></span> 
     </span>
     <span class='ocr_line' id='line_1_18' title="bbox 334 1922 1945 2004; baseline -0.001 -23"><span class='ocrx_word' id='word_1_251' title='bbox 334 1930 456 2000; x_wconf 84' lang='lat' dir='ltr'><strong>probati.</strong></span> <span class='ocrx_word' id='word_1_252' title='bbox 478 1932 513 1982; x_wconf 88' lang='lat' dir='ltr'><strong>la</strong></span> <span class='ocrx_word' id='word_1_253' title='bbox 525 1934 564 1983; x_wconf 85' lang='lat' dir='ltr'><strong>eis</strong></span> <span class='ocrx_word' id='word_1_254' title='bbox 581 1946 688 2002; x_wconf 82' lang='lat' dir='ltr'><strong>quoque</strong></span> <span class='ocrx_word' id='word_1_255' title='bbox 699 1947 742 1984; x_wconf 82' lang='lat' dir='ltr'><strong>ear</strong></span> <span class='ocrx_word' id='word_1_256' title='bbox 753 1948 884 2002; x_wconf 77' lang='lat' dir='ltr'><strong>personat</strong></span> <span class='ocrx_word' id='word_1_257' title='bbox 897 1941 978 2004; x_wconf 86' lang='lat' dir='ltr'><strong>suat,</strong></span> <span class='ocrx_word' id='word_1_258' title='bbox 1002 1942 1033 1984; x_wconf 88' lang='lat' dir='ltr'><strong>ut</strong></span> <span class='ocrx_word' id='word_1_259' title='bbox 1045 1929 1115 1984; x_wconf 87' lang='lat' dir='ltr'><strong>milti</strong></span> <span class='ocrx_word' id='word_1_260' title='bbox 1165 1926 1219 1992; x_wconf 74' lang='grc' dir='ltr'>τοῖς</span> <span class='ocrx_word' id='word_1_261' title='bbox 1231 1926 1397 2002; x_wconf 73' lang='grc' dir='ltr'>διαλογικοίς,</span> <span class='ocrx_word' id='word_1_262' title='bbox 1411 1923 1502 2004; x_wconf 68' lang='lat' dir='ltr'><strong>inpie</strong></span> <span class='ocrx_word' id='word_1_263' title='bbox 1515 1923 1574 1988; x_wconf 75' lang='grc' dir='ltr'>τοὺς</span> <span class='ocrx_word' id='word_1_264' title='bbox 1584 1922 1694 1990; x_wconf 70' lang='grc' dir='ltr'>πολλοὺς</span> <span class='ocrx_word' id='word_1_265' title='bbox 1704 1925 1777 2004; x_wconf 73' lang='grc' dir='ltr'>αὐτῷ</span> <span class='ocrx_word' id='word_1_266' title='bbox 1787 1924 1945 2003; x_wconf 74' lang='grc' dir='ltr'>γέγραπται,</span> 
     </span>
     <span class='ocr_line' id='line_1_19' title="bbox 339 2009 1946 2092; baseline -0.001 -22"><span class='ocrx_word' id='word_1_267' title='bbox 339 2018 487 2072; x_wconf 86' lang='lat' dir='ltr'><strong>tacertdum</strong></span> <span class='ocrx_word' id='word_1_268' title='bbox 505 2014 610 2087; x_wconf 87' lang='lat' dir='ltr'><strong>suerit.</strong></span> <span class='ocrx_word' id='word_1_269' title='bbox 635 2018 750 2073; x_wconf 88' lang='lat' dir='ltr'><strong>Crassus</strong></span> <span class='ocrx_word' id='word_1_270' title='bbox 773 2023 846 2072; x_wconf 88' lang='lat' dir='ltr'><strong>enim</strong></span> <span class='ocrx_word' id='word_1_271' title='bbox 870 2018 997 2092; x_wconf 78' lang='lat' dir='ltr'><strong>loquitur,</strong></span> <span class='ocrx_word' id='word_1_272' title='bbox 1024 2022 1116 2073; x_wconf 84' lang='lat' dir='ltr'><strong>Anto-</strong></span> <span class='ocrx_word' id='word_1_273' title='bbox 1165 2011 1211 2071; x_wconf 73' lang='lat' dir='ltr'><strong>ml</strong></span> <span class='ocrx_word' id='word_1_274' title='bbox 1229 2011 1307 2090; x_wconf 75' lang='grc' dir='ltr'>ὄγκου</span> <span class='ocrx_word' id='word_1_275' title='bbox 1321 2012 1449 2092; x_wconf 72' lang='grc' dir='ltr'>φροντίζει</span> <span class='ocrx_word' id='word_1_276' title='bbox 1462 2010 1530 2078; x_wconf 68' lang='lat' dir='ltr'><strong>rui&lt;</strong></span> <span class='ocrx_word' id='word_1_277' title='bbox 1547 2011 1593 2070; x_wconf 81' lang='grc' dir='ltr'><strong>κοί</strong></span> <span class='ocrx_word' id='word_1_278' title='bbox 1613 2010 1761 2090; x_wconf 78' lang='grc' dir='ltr'>περιεργίας</span> <span class='ocrx_word' id='word_1_279' title='bbox 1782 2009 1880 2079; x_wconf 79' lang='grc' dir='ltr'>λε’ξοων</span> <span class='ocrx_word' id='word_1_280' title='bbox 1905 2014 1946 2069; x_wconf 79' lang='grc' dir='ltr'><strong>κοί</strong></span> 
     </span>
     <span class='ocr_line' id='line_1_20' title="bbox 338 2098 1942 2181; baseline 0.001 -25"><span class='ocrx_word' id='word_1_281' title='bbox 338 2109 417 2172; x_wconf 86' lang='lat' dir='ltr'><strong>nius,</strong></span> <span class='ocrx_word' id='word_1_282' title='bbox 441 2103 555 2159; x_wconf 86' lang='lat' dir='ltr'><strong>Catulus</strong></span> <span class='ocrx_word' id='word_1_283' title='bbox 578 2123 681 2172; x_wconf 79' lang='lat' dir='ltr'><strong>scaea,</strong></span> <span class='ocrx_word' id='word_1_284' title='bbox 706 2105 740 2160; x_wconf 86' lang='lat' dir='ltr'><strong>C.</strong></span> <span class='ocrx_word' id='word_1_285' title='bbox 772 2105 865 2159; x_wconf 85' lang='lat' dir='ltr'><strong>Julius</strong></span> <span class='ocrx_word' id='word_1_286' title='bbox 880 2101 979 2175; x_wconf 87' lang='lat' dir='ltr'><strong>frater</strong></span> <span class='ocrx_word' id='word_1_287' title='bbox 1004 2105 1113 2173; x_wconf 86' lang='lat' dir='ltr'><strong>Catuli,</strong></span> <span class='ocrx_word' id='word_1_288' title='bbox 1167 2110 1331 2181; x_wconf 76' lang='grc' dir='ltr'>μιτοιρορᾶς,</span> <span class='ocrx_word' id='word_1_289' title='bbox 1349 2100 1395 2159; x_wconf 82' lang='lat' dir='ltr'><strong>itai</strong></span> <span class='ocrx_word' id='word_1_290' title='bbox 1408 2100 1473 2180; x_wconf 78' lang='grc' dir='ltr'>πρὸς</span> <span class='ocrx_word' id='word_1_291' title='bbox 1489 2099 1524 2158; x_wconf 73' lang='grc' dir='ltr'><strong>τὰ</strong></span> <span class='ocrx_word' id='word_1_292' title='bbox 1532 2103 1585 2159; x_wconf 79' lang='grc' dir='ltr'><strong>τῶν</strong></span> <span class='ocrx_word' id='word_1_293' title='bbox 1596 2098 1724 2178; x_wconf 79' lang='grc' dir='ltr'>λεγόντοιν</span> <span class='ocrx_word' id='word_1_294' title='bbox 1738 2098 1872 2180; x_wconf 70' lang='lat' dir='ltr'><strong>apricum</strong></span> <span class='ocrx_word' id='word_1_295' title='bbox 1882 2123 1942 2178; x_wconf 62' lang='lat' dir='ltr'><strong>apr,-</strong></span> 
     </span>
     <span class='ocr_line' id='line_1_21' title="bbox 339 2179 1943 2268; baseline 0.002 -23"><span class='ocrx_word' id='word_1_296' title='bbox 339 2191 427 2258; x_wconf 85' lang='lat' dir='ltr'><strong>Cotta,</strong></span> <span class='ocrx_word' id='word_1_297' title='bbox 444 2191 594 2264; x_wconf 84' lang='lat' dir='ltr'><strong>Sulpicius.</strong></span> <span class='ocrx_word' id='word_1_298' title='bbox 606 2195 697 2247; x_wconf 85' lang='lat' dir='ltr'><strong>Puero</strong></span> <span class='ocrx_word' id='word_1_299' title='bbox 714 2191 910 2247; x_wconf 82' lang='lat' dir='ltr'><strong>melticsermo</strong></span> <span class='ocrx_word' id='word_1_300' title='bbox 926 2193 1073 2261; x_wconf 84' lang='lat' dir='ltr'><strong>inducitur,</strong></span> <span class='ocrx_word' id='word_1_301' title='bbox 1086 2206 1116 2248; x_wconf 88' lang='lat' dir='ltr'><strong>ut</strong></span> <span class='ocrx_word' id='word_1_302' title='bbox 1166 2189 1269 2265; x_wconf 81' lang='grc' dir='ltr'>ματίζιι</span> <span class='ocrx_word' id='word_1_303' title='bbox 1286 2189 1317 2248; x_wconf 74' lang='grc' dir='ltr'><strong>τὸ</strong></span> <span class='ocrx_word' id='word_1_304' title='bbox 1339 2179 1405 2257; x_wconf 76' lang='grc' dir='ltr'>εἶδος</span> <span class='ocrx_word' id='word_1_305' title='bbox 1424 2192 1471 2260; x_wconf 71' lang='grc' dir='ltr'><strong>τῆς</strong></span> <span class='ocrx_word' id='word_1_306' title='bbox 1488 2188 1595 2262; x_wconf 70' lang='grc' dir='ltr'><strong>λέξεως,</strong></span> <span class='ocrx_word' id='word_1_307' title='bbox 1615 2187 1661 2247; x_wconf 80' lang='grc' dir='ltr'><strong>καί</strong></span> <span class='ocrx_word' id='word_1_308' title='bbox 1686 2189 1779 2256; x_wconf 73' lang='grc' dir='ltr'>ἅπλῶς</span> <span class='ocrx_word' id='word_1_309' title='bbox 1797 2188 1847 2247; x_wconf 78' lang='lat' dir='ltr'><strong>doti</strong></span> <span class='ocrx_word' id='word_1_310' title='bbox 1866 2190 1943 2268; x_wconf 70' lang='grc' dir='ltr'>λόγοι</span> 
     </span>
     <span class='ocr_line' id='line_1_22' title="bbox 340 2268 1944 2355; baseline 0.004 -26"><span class='ocrx_word' id='word_1_311' title='bbox 340 2279 429 2332; x_wconf 82' lang='lat' dir='ltr'><strong>nulla·</strong></span> <span class='ocrx_word' id='word_1_312' title='bbox 451 2296 510 2332; x_wconf 86' lang='lat' dir='ltr'><strong>esse</strong></span> <span class='ocrx_word' id='word_1_313' title='bbox 522 2292 636 2350; x_wconf 84' lang='lat' dir='ltr'><strong>possent</strong></span> <span class='ocrx_word' id='word_1_314' title='bbox 650 2297 723 2334; x_wconf 81' lang='lat' dir='ltr'><strong>mete</strong></span> <span class='ocrx_word' id='word_1_315' title='bbox 737 2292 846 2352; x_wconf 85' lang='lat' dir='ltr'><strong>partes.</strong></span> <span class='ocrx_word' id='word_1_316' title='bbox 869 2281 941 2350; x_wconf 84' lang='lat' dir='ltr'><strong>(luoe</strong></span> <span class='ocrx_word' id='word_1_317' title='bbox 957 2291 1052 2334; x_wconf 86' lang='lat' dir='ltr'><strong>autem</strong></span> <span class='ocrx_word' id='word_1_318' title='bbox 1071 2280 1116 2335; x_wconf 87' lang='lat' dir='ltr'><strong>ltis</strong></span> <span class='ocrx_word' id='word_1_319' title='bbox 1166 2268 1219 2336; x_wconf 77' lang='grc' dir='ltr'>οἶδε</span> <span class='ocrx_word' id='word_1_320' title='bbox 1238 2276 1399 2346; x_wconf 62' lang='lat' dir='ltr'><strong>tenuata</strong></span> <span class='ocrx_word' id='word_1_321' title='bbox 1422 2276 1470 2348; x_wconf 72' lang='grc' dir='ltr'><strong>τὴν</strong></span> <span class='ocrx_word' id='word_1_322' title='bbox 1494 2275 1580 2350; x_wconf 76' lang='lat' dir='ltr'><strong>titas,</strong></span> <span class='ocrx_word' id='word_1_323' title='bbox 1600 2295 1666 2355; x_wconf 78' lang='lat' dir='ltr'><strong>quae</strong></span> <span class='ocrx_word' id='word_1_324' title='bbox 1687 2290 1800 2348; x_wconf 90' lang='lat' dir='ltr'><strong>tamen,</strong></span> <span class='ocrx_word' id='word_1_325' title='bbox 1826 2293 1944 2349; x_wconf 74' lang='lat' dir='ltr'><strong>vercor,</strong></span> 
     </span>
     <span class='ocr_line' id='line_1_23' title="bbox 340 2362 1945 2443; baseline 0.003 -26"><span class='ocrx_word' id='word_1_326' title='bbox 340 2365 506 2438; x_wconf 80' lang='lat' dir='ltr'><strong>temporibus</strong></span> <span class='ocrx_word' id='word_1_327' title='bbox 514 2370 612 2439; x_wconf 83' lang='lat' dir='ltr'><strong>scripsi</strong></span> <span class='ocrx_word' id='word_1_328' title='bbox 619 2362 928 2442; x_wconf 67' lang='lat' dir='ltr'><strong>’tiptororshstotatorem</strong></span> <span class='ocrx_word' id='word_1_329' title='bbox 940 2367 1066 2422; x_wconf 78' lang='lat' dir='ltr'><strong>lrabeat:</strong></span> <span class='ocrx_word' id='word_1_330' title='bbox 1085 2375 1115 2423; x_wconf 89' lang='lat' dir='ltr'><strong>in</strong></span> <span class='ocrx_word' id='word_1_331' title='bbox 1168 2386 1227 2424; x_wconf 90' lang='lat' dir='ltr'><strong>non</strong></span> <span class='ocrx_word' id='word_1_332' title='bbox 1250 2365 1348 2424; x_wconf 90' lang='lat' dir='ltr'><strong>minus</strong></span> <span class='ocrx_word' id='word_1_333' title='bbox 1371 2380 1479 2424; x_wconf 89' lang='lat' dir='ltr'><strong>temere</strong></span> <span class='ocrx_word' id='word_1_334' title='bbox 1498 2365 1575 2424; x_wconf 83' lang='lat' dir='ltr'><strong>dicta</strong></span> <span class='ocrx_word' id='word_1_335' title='bbox 1596 2379 1664 2424; x_wconf 88' lang='lat' dir='ltr'><strong>sunt</strong></span> <span class='ocrx_word' id='word_1_336' title='bbox 1683 2385 1771 2443; x_wconf 89' lang='lat' dir='ltr'><strong>quam</strong></span> <span class='ocrx_word' id='word_1_337' title='bbox 1791 2385 1855 2442; x_wconf 76' lang='lat' dir='ltr'><strong>quae</strong></span> <span class='ocrx_word' id='word_1_338' title='bbox 1878 2387 1945 2424; x_wconf 87' lang='lat' dir='ltr'><strong>cunt</strong></span> 
     </span>
     <span class='ocr_line' id='line_1_24' title="bbox 340 2453 1945 2530; baseline 0.005 -26"><span class='ocrx_word' id='word_1_339' title='bbox 340 2470 394 2524; x_wconf 80' lang='lat' dir='ltr'><strong>quo</strong></span> <span class='ocrx_word' id='word_1_340' title='bbox 407 2471 498 2508; x_wconf 89' lang='lat' dir='ltr'><strong>sermo</strong></span> <span class='ocrx_word' id='word_1_341' title='bbox 509 2457 549 2507; x_wconf 89' lang='lat' dir='ltr'><strong>ita</strong></span> <span class='ocrx_word' id='word_1_342' title='bbox 562 2455 701 2508; x_wconf 83' lang='lat' dir='ltr'><strong>inducitur</strong></span> <span class='ocrx_word' id='word_1_343' title='bbox 712 2463 874 2526; x_wconf 66' lang='lat' dir='ltr'><strong>ceterorum,</strong></span> <span class='ocrx_word' id='word_1_344' title='bbox 887 2466 918 2508; x_wconf 90' lang='lat' dir='ltr'><strong>ut</strong></span> <span class='ocrx_word' id='word_1_345' title='bbox 927 2473 1014 2528; x_wconf 81' lang='lat' dir='ltr'><strong>penes</strong></span> <span class='ocrx_word' id='word_1_346' title='bbox 1025 2461 1115 2528; x_wconf 85' lang='lat' dir='ltr'><strong>ipsum</strong></span> <span class='ocrx_word' id='word_1_347' title='bbox 1167 2453 1244 2529; x_wconf 88' lang='lat' dir='ltr'><strong>apud</strong></span> <span class='ocrx_word' id='word_1_348' title='bbox 1259 2454 1446 2511; x_wconf 66' lang='lat' dir='ltr'><strong>immanium</strong></span> <span class='ocrx_word' id='word_1_349' title='bbox 1462 2455 1492 2511; x_wconf 91' lang='lat' dir='ltr'><strong>in</strong></span> <span class='ocrx_word' id='word_1_350' title='bbox 1505 2453 1637 2530; x_wconf 80' lang='lat' dir='ltr'><strong>categor.</strong></span> <span class='ocrx_word' id='word_1_351' title='bbox 1652 2453 1674 2513; x_wconf 84' lang='lat' dir='ltr'><strong>l.</strong></span> <span class='ocrx_word' id='word_1_352' title='bbox 1691 2461 1707 2520; x_wconf 73' lang='lat' dir='ltr'><strong>lt</strong></span> <span class='ocrx_word' id='word_1_353' title='bbox 1723 2465 1803 2512; x_wconf 85' lang='lat' dir='ltr'><strong>recto</strong></span> <span class='ocrx_word' id='word_1_354' title='bbox 1820 2473 1828 2513; x_wconf 70' lang='grc' dir='ltr'>ι</span> <span class='ocrx_word' id='word_1_355' title='bbox 1846 2455 1945 2514; x_wconf 83' lang='grc' dir='ltr'>Διιιλο-</span> 
     </span>
     <span class='ocr_line' id='line_1_25' title="bbox 340 2539 1938 2623; baseline 0.005 -31"><span class='ocrx_word' id='word_1_356' title='bbox 340 2545 376 2593; x_wconf 89' lang='lat' dir='ltr'><strong>sit</strong></span> <span class='ocrx_word' id='word_1_357' title='bbox 394 2545 580 2614; x_wconf 78' lang='lat' dir='ltr'><strong>principatus.</strong></span> <span class='ocrx_word' id='word_1_358' title='bbox 609 2545 656 2596; x_wconf 85' lang='lat' dir='ltr'><strong>Ita</strong></span> <span class='ocrx_word' id='word_1_359' title='bbox 677 2539 792 2612; x_wconf 67' lang='lat' dir='ltr'><strong>confeci.</strong></span> <span class='ocrx_word' id='word_1_360' title='bbox 806 2547 928 2616; x_wconf 81' lang='lat' dir='ltr'><strong>quiaque</strong></span> <span class='ocrx_word' id='word_1_361' title='bbox 949 2541 1033 2598; x_wconf 86' lang='lat' dir='ltr'><strong>libros</strong></span> <span class='ocrx_word' id='word_1_362' title='bbox 1054 2541 1115 2622; x_wconf 81' lang='grc' dir='ltr'>περί</span> <span class='ocrx_word' id='word_1_363' title='bbox 1166 2543 1228 2617; x_wconf 71' lang='lat' dir='ltr'><strong>pud</strong></span> <span class='ocrx_word' id='word_1_364' title='bbox 1241 2540 1380 2617; x_wconf 76' lang='grc' dir='ltr'>δίὸοαμὴ</span> <span class='ocrx_word' id='word_1_365' title='bbox 1395 2540 1680 2621; x_wconf 77' lang='grc' dir='ltr'>ίξοίκείουπροοώπου</span> <span class='ocrx_word' id='word_1_366' title='bbox 1694 2541 1868 2623; x_wconf 67' lang='grc' dir='ltr'>συνέγραψεν,</span> <span class='ocrx_word' id='word_1_367' title='bbox 1881 2543 1938 2600; x_wconf 74' lang='lat' dir='ltr'><strong>iil·</strong></span> 
     </span>
     <span class='ocr_line' id='line_1_26' title="bbox 339 2627 1942 2708; baseline 0.002 -24"><span class='ocrx_word' id='word_1_368' title='bbox 339 2629 430 2697; x_wconf 72' lang='grc' dir='ltr'>τελῶν,</span> <span class='ocrx_word' id='word_1_369' title='bbox 441 2641 470 2683; x_wconf 91' lang='lat' dir='ltr'><strong>ut</strong></span> <span class='ocrx_word' id='word_1_370' title='bbox 481 2627 625 2702; x_wconf 82' lang='lat' dir='ltr'><strong>Epicurea</strong></span> <span class='ocrx_word' id='word_1_371' title='bbox 635 2631 669 2688; x_wconf 87' lang='lat' dir='ltr'><strong>L.</strong></span> <span class='ocrx_word' id='word_1_372' title='bbox 684 2631 832 2703; x_wconf 79' lang='lat' dir='ltr'><strong>Torquato,</strong></span> <span class='ocrx_word' id='word_1_373' title='bbox 840 2629 936 2685; x_wconf 89' lang='lat' dir='ltr'><strong>Stoica</strong></span> <span class='ocrx_word' id='word_1_374' title='bbox 946 2631 989 2688; x_wconf 88' lang='lat' dir='ltr'><strong>M.</strong></span> <span class='ocrx_word' id='word_1_375' title='bbox 1002 2630 1114 2700; x_wconf 87' lang='lat' dir='ltr'><strong>Catoni,</strong></span> <span class='ocrx_word' id='word_1_376' title='bbox 1166 2628 1256 2708; x_wconf 74' lang='grc' dir='ltr'>ὥοπιρ</span> <span class='ocrx_word' id='word_1_377' title='bbox 1283 2627 1425 2688; x_wconf 71' lang='lat' dir='ltr'><strong>hillidius</strong></span> <span class='ocrx_word' id='word_1_378' title='bbox 1448 2629 1648 2708; x_wconf 78' lang='grc' dir='ltr'>ὑποκρινόμενος</span> <span class='ocrx_word' id='word_1_379' title='bbox 1674 2627 1769 2708; x_wconf 67' lang='lat' dir='ltr'><strong>inipetu</strong></span> <span class='ocrx_word' id='word_1_380' title='bbox 1795 2627 1942 2706; x_wconf 78' lang='grc' dir='ltr'>πρόσωπα,</span> 
     </span>
     <span class='ocr_line' id='line_1_27' title="bbox 339 2711 1943 2794; baseline 0.002 -23"><span class='ocrx_word' id='word_1_381' title='bbox 339 2711 692 2792; x_wconf 73' lang='lat' dir='ltr'><strong>arpinas-arttth.Pisont&#39;</strong></span> <span class='ocrx_word' id='word_1_382' title='bbox 703 2719 811 2775; x_wconf 83' lang='lat' dir='ltr'><strong>darem.</strong></span> <span class='ocrx_word' id='word_1_383' title='bbox 824 2715 932 2774; x_wconf 88' lang='lat' dir='ltr'><strong>Adhos</strong></span> <span class='ocrx_word' id='word_1_384' title='bbox 943 2735 1113 2794; x_wconf 81' lang='lat' dir='ltr'><strong>veroquam</strong></span> <span class='ocrx_word' id='word_1_385' title='bbox 1167 2729 1227 2774; x_wconf 87' lang='lat' dir='ltr'><strong>tunt</strong></span> <span class='ocrx_word' id='word_1_386' title='bbox 1246 2717 1323 2794; x_wconf 89' lang='lat' dir='ltr'><strong>apud</strong></span> <span class='ocrx_word' id='word_1_387' title='bbox 1345 2716 1420 2775; x_wconf 91' lang='lat' dir='ltr'><strong>alios</strong></span> <span class='ocrx_word' id='word_1_388' title='bbox 1442 2715 1612 2794; x_wconf 90' lang='lat' dir='ltr'><strong>philosophi</strong></span> <span class='ocrx_word' id='word_1_389' title='bbox 1626 2716 1801 2794; x_wconf 85' lang='lat' dir='ltr'><strong>interpretes</strong></span> <span class='ocrx_word' id='word_1_390' title='bbox 1823 2716 1861 2774; x_wconf 86' lang='lat' dir='ltr'><strong>de</strong></span> <span class='ocrx_word' id='word_1_391' title='bbox 1881 2717 1943 2792; x_wconf 85' lang='lat' dir='ltr'><strong>ejus</strong></span> 
     </span>
     <span class='ocr_line' id='line_1_28' title="bbox 339 2802 1944 2882; baseline 0.001 -21"><span class='ocrx_word' id='word_1_392' title='bbox 339 2804 441 2862; x_wconf 88' lang='lat' dir='ltr'><strong>tertius</strong></span> <span class='ocrx_word' id='word_1_393' title='bbox 455 2803 566 2862; x_wconf 88' lang='lat' dir='ltr'><strong>accedit</strong></span> <span class='ocrx_word' id='word_1_394' title='bbox 579 2805 675 2874; x_wconf 85' lang='lat' dir='ltr'><strong>locus,</strong></span> <span class='ocrx_word' id='word_1_395' title='bbox 692 2804 722 2862; x_wconf 90' lang='lat' dir='ltr'><strong>in</strong></span> <span class='ocrx_word' id='word_1_396' title='bbox 744 2824 804 2882; x_wconf 90' lang='lat' dir='ltr'><strong>quo</strong></span> <span class='ocrx_word' id='word_1_397' title='bbox 826 2825 927 2864; x_wconf 86' lang='lat' dir='ltr'><strong>rursus</strong></span> <span class='ocrx_word' id='word_1_398' title='bbox 943 2805 980 2864; x_wconf 91' lang='lat' dir='ltr'><strong>de</strong></span> <span class='ocrx_word' id='word_1_399' title='bbox 1003 2811 1113 2863; x_wconf 84' lang='lat' dir='ltr'><strong>Aristo-</strong></span> <span class='ocrx_word' id='word_1_400' title='bbox 1166 2805 1349 2880; x_wconf 88' lang='lat' dir='ltr'><strong>dialogorum</strong></span> <span class='ocrx_word' id='word_1_401' title='bbox 1375 2804 1513 2863; x_wconf 87' lang='lat' dir='ltr'><strong>laudibus</strong></span> <span class='ocrx_word' id='word_1_402' title='bbox 1540 2807 1687 2879; x_wconf 86' lang='lat' dir='ltr'><strong>leguntur.</strong></span> <span class='ocrx_word' id='word_1_403' title='bbox 1711 2802 1796 2874; x_wconf 81' lang='lat' dir='ltr'><strong>Quod</strong></span> <span class='ocrx_word' id='word_1_404' title='bbox 1827 2806 1854 2862; x_wconf 89' lang='lat' dir='ltr'><strong>si</strong></span> <span class='ocrx_word' id='word_1_405' title='bbox 1879 2805 1944 2862; x_wconf 84' lang='lat' dir='ltr'><strong>ilios</strong></span> 
     </span>
     <span class='ocr_line' id='line_1_29' title="bbox 339 2890 1942 2972; baseline 0.002 -26"><span class='ocrx_word' id='word_1_406' title='bbox 339 2895 410 2949; x_wconf 82' lang='lat' dir='ltr'><strong>talea</strong></span> <span class='ocrx_word' id='word_1_407' title='bbox 424 2912 500 2948; x_wconf 87' lang='lat' dir='ltr'><strong>more</strong></span> <span class='ocrx_word' id='word_1_408' title='bbox 514 2891 645 2969; x_wconf 88' lang='lat' dir='ltr'><strong>loquitur</strong></span> <span class='ocrx_word' id='word_1_409' title='bbox 661 2891 781 2965; x_wconf 91' lang='lat' dir='ltr'><strong>Cicero,</strong></span> <span class='ocrx_word' id='word_1_410' title='bbox 799 2891 835 2950; x_wconf 91' lang='lat' dir='ltr'><strong>de</strong></span> <span class='ocrx_word' id='word_1_411' title='bbox 855 2895 976 2953; x_wconf 87' lang='lat' dir='ltr'><strong>Oratore</strong></span> <span class='ocrx_word' id='word_1_412' title='bbox 991 2892 1047 2965; x_wconf 95' lang='lat' dir='ltr'><strong>lll,</strong></span> <span class='ocrx_word' id='word_1_413' title='bbox 1062 2915 1112 2966; x_wconf 78' lang='lat' dir='ltr'><strong>ot,</strong></span> <span class='ocrx_word' id='word_1_414' title='bbox 1165 2893 1280 2952; x_wconf 90' lang='lat' dir='ltr'><strong>silentio</strong></span> <span class='ocrx_word' id='word_1_415' title='bbox 1304 2893 1554 2972; x_wconf 81' lang='lat' dir='ltr'><strong>praetermittimus</strong></span> <span class='ocrx_word' id='word_1_416' title='bbox 1574 2892 1671 2963; x_wconf 90' lang='lat' dir='ltr'><strong>locos,</strong></span> <span class='ocrx_word' id='word_1_417' title='bbox 1687 2890 1844 2968; x_wconf 85' lang='lat' dir='ltr'><strong>inquibus</strong></span> <span class='ocrx_word' id='word_1_418' title='bbox 1869 2893 1942 2950; x_wconf 90' lang='lat' dir='ltr'><strong>illud</strong></span> 
     </span>
     <span class='ocr_line' id='line_1_30' title="bbox 339 2979 1943 3057; baseline 0.002 -21"><span class='ocrx_word' id='word_1_419' title='bbox 339 2981 375 3036; x_wconf 85' lang='lat' dir='ltr'><strong>ilo</strong></span> <span class='ocrx_word' id='word_1_420' title='bbox 393 3002 399 3036; x_wconf 92' lang='lat'>:</span> <span class='ocrx_word' id='word_1_421' title='bbox 415 2982 467 3037; x_wconf 89' lang='lat' dir='ltr'><strong>Sia</strong></span> <span class='ocrx_word' id='word_1_422' title='bbox 480 2983 584 3056; x_wconf 80' lang='lat' dir='ltr'><strong>aliquis</strong></span> <span class='ocrx_word' id='word_1_423' title='bbox 602 2983 918 3056; x_wconf 79' lang='lat' dir='ltr'><strong>extiterit&#39;aliquaaclo,</strong></span> <span class='ocrx_word' id='word_1_424' title='bbox 940 2987 988 3056; x_wconf 81' lang='lat' dir='ltr'><strong>qui</strong></span> <span class='ocrx_word' id='word_1_425' title='bbox 1005 2989 1114 3039; x_wconf 83' lang='lat' dir='ltr'><strong>Aristo·</strong></span> <span class='ocrx_word' id='word_1_426' title='bbox 1167 2993 1276 3040; x_wconf 90' lang='lat' dir='ltr'><strong>tantum</strong></span> <span class='ocrx_word' id='word_1_427' title='bbox 1290 2981 1377 3040; x_wconf 88' lang='lat' dir='ltr'><strong>modo</strong></span> <span class='ocrx_word' id='word_1_428' title='bbox 1388 2981 1561 3056; x_wconf 85' lang='lat' dir='ltr'><strong>affirmatur,</strong></span> <span class='ocrx_word' id='word_1_429' title='bbox 1570 2981 1602 3038; x_wconf 91' lang='lat' dir='ltr'><strong>in</strong></span> <span class='ocrx_word' id='word_1_430' title='bbox 1612 2979 1737 3055; x_wconf 86' lang='lat' dir='ltr'><strong>dialogis</strong></span> <span class='ocrx_word' id='word_1_431' title='bbox 1745 2981 1836 3037; x_wconf 86' lang='lat' dir='ltr'><strong>inulto</strong></span> <span class='ocrx_word' id='word_1_432' title='bbox 1850 2983 1943 3057; x_wconf 83' lang='lat' dir='ltr'><strong>magis</strong></span> 
     </span>
     <span class='ocr_line' id='line_1_31' title="bbox 338 3067 1944 3148; baseline 0.002 -26"><span class='ocrx_word' id='word_1_433' title='bbox 338 3071 408 3125; x_wconf 87' lang='lat' dir='ltr'><strong>teleo</strong></span> <span class='ocrx_word' id='word_1_434' title='bbox 420 3089 495 3125; x_wconf 87' lang='lat' dir='ltr'><strong>more</strong></span> <span class='ocrx_word' id='word_1_435' title='bbox 506 3075 535 3124; x_wconf 89' lang='lat' dir='ltr'><strong>ia</strong></span> <span class='ocrx_word' id='word_1_436' title='bbox 550 3082 812 3143; x_wconf 81' lang='lat' dir='ltr'><strong>utramquepartem</strong></span> <span class='ocrx_word' id='word_1_437' title='bbox 822 3069 916 3144; x_wconf 80' lang='lat' dir='ltr'><strong>possit</strong></span> <span class='ocrx_word' id='word_1_438' title='bbox 927 3073 1025 3136; x_wconf 85' lang='lat' dir='ltr'><strong>dicere,</strong></span> <span class='ocrx_word' id='word_1_439' title='bbox 1043 3084 1073 3128; x_wconf 87' lang='lat' dir='ltr'><strong>et</strong></span> <span class='ocrx_word' id='word_1_440' title='bbox 1084 3077 1114 3127; x_wconf 87' lang='lat' dir='ltr'><strong>t&#39;a</strong></span> <span class='ocrx_word' id='word_1_441' title='bbox 1167 3073 1323 3148; x_wconf 84' lang='lat' dir='ltr'><strong>perspicuo</strong></span> <span class='ocrx_word' id='word_1_442' title='bbox 1337 3089 1421 3128; x_wconf 89' lang='lat' dir='ltr'><strong>usum</strong></span> <span class='ocrx_word' id='word_1_443' title='bbox 1443 3069 1532 3127; x_wconf 85' lang='lat' dir='ltr'><strong>luisse</strong></span> <span class='ocrx_word' id='word_1_444' title='bbox 1550 3067 1666 3127; x_wconf 88' lang='lat' dir='ltr'><strong>dicendi</strong></span> <span class='ocrx_word' id='word_1_445' title='bbox 1684 3086 1789 3143; x_wconf 87' lang='lat' dir='ltr'><strong>genere</strong></span> <span class='ocrx_word' id='word_1_446' title='bbox 1807 3069 1944 3127; x_wconf 74' lang='lat' dir='ltr'><strong>Aristote-</strong></span> 
     </span>
     <span class='ocr_line' id='line_1_32' title="bbox 336 3154 1941 3234; baseline 0.002 -23"><span class='ocrx_word' id='word_1_447' title='bbox 336 3161 412 3211; x_wconf 91' lang='lat' dir='ltr'><strong>omni</strong></span> <span class='ocrx_word' id='word_1_448' title='bbox 424 3176 511 3211; x_wconf 90' lang='lat' dir='ltr'><strong>causa</strong></span> <span class='ocrx_word' id='word_1_449' title='bbox 525 3159 598 3212; x_wconf 85' lang='lat' dir='ltr'><strong>duas</strong></span> <span class='ocrx_word' id='word_1_450' title='bbox 613 3163 769 3212; x_wconf 85' lang='lat' dir='ltr'><strong>contrarias</strong></span> <span class='ocrx_word' id='word_1_451' title='bbox 787 3164 937 3224; x_wconf 88' lang='lat' dir='ltr'><strong>arationes,</strong></span> <span class='ocrx_word' id='word_1_452' title='bbox 960 3166 1113 3234; x_wconf 74' lang='lat' dir='ltr'><strong>praecptis</strong></span> <span class='ocrx_word' id='word_1_453' title='bbox 1165 3156 1235 3229; x_wconf 85' lang='lat' dir='ltr'><strong>lem,</strong></span> <span class='ocrx_word' id='word_1_454' title='bbox 1247 3155 1389 3215; x_wconf 77' lang='lat' dir='ltr'><strong>afferendi</strong></span> <span class='ocrx_word' id='word_1_455' title='bbox 1401 3155 1450 3213; x_wconf 90' lang='lat' dir='ltr'><strong>hic</strong></span> <span class='ocrx_word' id='word_1_456' title='bbox 1468 3157 1626 3234; x_wconf 69' lang='lat' dir='ltr'><strong>prasertim</strong></span> <span class='ocrx_word' id='word_1_457' title='bbox 1647 3168 1735 3214; x_wconf 82' lang='lat' dir='ltr'><strong>erunt</strong></span> <span class='ocrx_word' id='word_1_458' title='bbox 1748 3154 1941 3221; x_wconf 80' lang='lat' dir='ltr'><strong>Themistitts.</strong></span> 
     </span>
     <span class='ocr_line' id='line_1_33' title="bbox 339 3242 1943 3321; baseline 0.004 -26"><span class='ocrx_word' id='word_1_459' title='bbox 339 3244 417 3297; x_wconf 89' lang='lat' dir='ltr'><strong>iliius</strong></span> <span class='ocrx_word' id='word_1_460' title='bbox 431 3246 724 3318; x_wconf 80' lang='lat' dir='ltr'><strong>cognitis,explicare</strong></span> <span class='ocrx_word' id='word_1_461' title='bbox 743 3257 793 3299; x_wconf 90' lang='lat' dir='ltr'><strong>aut</strong></span> <span class='ocrx_word' id='word_1_462' title='bbox 810 3245 861 3300; x_wconf 87' lang='lat' dir='ltr'><strong>ltoc</strong></span> <span class='ocrx_word' id='word_1_463' title='bbox 875 3247 1013 3301; x_wconf 84' lang='lat' dir='ltr'><strong>Arcesiloe</strong></span> <span class='ocrx_word' id='word_1_464' title='bbox 1032 3249 1114 3303; x_wconf 86' lang='lat' dir='ltr'><strong>modo</strong></span> <span class='ocrx_word' id='word_1_465' title='bbox 1166 3246 1218 3321; x_wconf 84' lang='lat' dir='ltr'><strong>qui</strong></span> <span class='ocrx_word' id='word_1_466' title='bbox 1232 3245 1318 3303; x_wconf 88' lang='lat' dir='ltr'><strong>itain</strong></span> <span class='ocrx_word' id='word_1_467' title='bbox 1337 3244 1417 3306; x_wconf 88' lang='lat' dir='ltr'><strong>Orat.</strong></span> <span class='ocrx_word' id='word_1_468' title='bbox 1433 3242 1540 3315; x_wconf 77' lang='lat' dir='ltr'><strong>iiiiii,</strong></span> <span class='ocrx_word' id='word_1_469' title='bbox 1556 3264 1587 3321; x_wconf 86' lang='lat' dir='ltr'><strong>p.</strong></span> <span class='ocrx_word' id='word_1_470' title='bbox 1602 3243 1672 3319; x_wconf 80' lang='lat'><strong>319,</strong></span> <span class='ocrx_word' id='word_1_471' title='bbox 1691 3243 1837 3304; x_wconf 79' lang='lat' dir='ltr'><strong>Dilard:</strong></span> <span class='ocrx_word' id='word_1_472' title='bbox 1858 3245 1943 3303; x_wconf 76' lang='lat' dir='ltr'><strong>Kaloi</strong></span> 
     </span>
     <span class='ocr_line' id='line_1_34' title="bbox 337 3329 1943 3412; baseline 0.002 -28"><span class='ocrx_word' id='word_1_473' title='bbox 337 3342 365 3384; x_wconf 90' lang='lat' dir='ltr'><strong>et</strong></span> <span class='ocrx_word' id='word_1_474' title='bbox 379 3331 533 3386; x_wconf 85' lang='lat' dir='ltr'><strong>Carneadis</strong></span> <span class='ocrx_word' id='word_1_475' title='bbox 544 3342 640 3384; x_wconf 88' lang='lat' dir='ltr'><strong>cantra</strong></span> <span class='ocrx_word' id='word_1_476' title='bbox 650 3349 732 3385; x_wconf 82' lang='lat' dir='ltr'><strong>omne</strong></span> <span class='ocrx_word' id='word_1_477' title='bbox 741 3333 815 3405; x_wconf 88' lang='lat' dir='ltr'><strong>quod</strong></span> <span class='ocrx_word' id='word_1_478' title='bbox 824 3336 1042 3406; x_wconf 84' lang='lat' dir='ltr'><strong>propositumsit</strong></span> <span class='ocrx_word' id='word_1_479' title='bbox 1051 3335 1113 3388; x_wconf 86' lang='lat' dir='ltr'><strong>dis·</strong></span> <span class='ocrx_word' id='word_1_480' title='bbox 1167 3329 1216 3407; x_wconf 81' lang='grc' dir='ltr'><strong>μίν</strong></span> <span class='ocrx_word' id='word_1_481' title='bbox 1242 3334 1407 3412; x_wconf 75' lang='grc' dir='ltr'>δημωριλιῖς</span> <span class='ocrx_word' id='word_1_482' title='bbox 1429 3330 1560 3408; x_wconf 71' lang='grc' dir='ltr'>καὶπρὸς</span> <span class='ocrx_word' id='word_1_483' title='bbox 1585 3329 1616 3388; x_wconf 74' lang='grc' dir='ltr'><strong>τὸ</strong></span> <span class='ocrx_word' id='word_1_484' title='bbox 1638 3332 1738 3403; x_wconf 73' lang='grc' dir='ltr'>πλῆθος</span> <span class='ocrx_word' id='word_1_485' title='bbox 1758 3331 1943 3406; x_wconf 66' lang='grc' dir='ltr'><strong>ἐσκευασμένοι</strong></span> 
     </span>
     <span class='ocr_line' id='line_1_35' title="bbox 338 3417 1942 3500; baseline 0.002 -28"><span class='ocrx_word' id='word_1_486' title='bbox 338 3430 433 3488; x_wconf 87' lang='lat' dir='ltr'><strong>serat,·</strong></span> <span class='ocrx_word' id='word_1_487' title='bbox 456 3425 557 3494; x_wconf 79' lang='lat' dir='ltr'><strong>quique</strong></span> <span class='ocrx_word' id='word_1_488' title='bbox 581 3421 622 3474; x_wconf 83' lang='lat' dir='ltr'><strong>ad</strong></span> <span class='ocrx_word' id='word_1_489' title='bbox 639 3438 702 3474; x_wconf 83' lang='lat' dir='ltr'><strong>tam</strong></span> <span class='ocrx_word' id='word_1_490' title='bbox 724 3426 861 3476; x_wconf 85' lang='lat' dir='ltr'><strong>rationem</strong></span> <span class='ocrx_word' id='word_1_491' title='bbox 878 3423 1018 3498; x_wconf 84' lang='lat' dir='ltr'><strong>adjungat</strong></span> <span class='ocrx_word' id='word_1_492' title='bbox 1039 3422 1113 3477; x_wconf 84' lang='lat' dir='ltr'><strong>littae</strong></span> <span class='ocrx_word' id='word_1_493' title='bbox 1165 3417 1267 3498; x_wconf 77' lang='grc' dir='ltr'>(λόγοι,</span> <span class='ocrx_word' id='word_1_494' title='bbox 1293 3419 1324 3478; x_wconf 90' lang='lat' dir='ltr'><strong>id</strong></span> <span class='ocrx_word' id='word_1_495' title='bbox 1348 3432 1392 3478; x_wconf 82' lang='lat' dir='ltr'><strong>est</strong></span> <span class='ocrx_word' id='word_1_496' title='bbox 1419 3419 1543 3498; x_wconf 85' lang='lat' dir='ltr'><strong>dialogi)</strong></span> <span class='ocrx_word' id='word_1_497' title='bbox 1563 3419 1594 3477; x_wconf 80' lang='grc' dir='ltr'><strong>οὐ</strong></span> <span class='ocrx_word' id='word_1_498' title='bbox 1618 3417 1773 3478; x_wconf 73' lang='grc' dir='ltr'>παντάπασι</span> <span class='ocrx_word' id='word_1_499' title='bbox 1808 3420 1894 3500; x_wconf 70' lang='grc' dir='ltr'>φωτός</span> <span class='ocrx_word' id='word_1_500' title='bbox 1916 3443 1942 3476; x_wconf 85' lang='grc' dir='ltr'>τι</span> 
     </span>
     <span class='ocr_line' id='line_1_36' title="bbox 337 3504 1941 3588; baseline 0.001 -28"><span class='ocrx_word' id='word_1_501' title='bbox 337 3506 501 3563; x_wconf 79' lang='lat' dir='ltr'><strong>rhetoricum</strong></span> <span class='ocrx_word' id='word_1_502' title='bbox 513 3526 591 3562; x_wconf 91' lang='lat' dir='ltr'><strong>usum</strong></span> <span class='ocrx_word' id='word_1_503' title='bbox 608 3525 765 3582; x_wconf 81' lang='lat' dir='ltr'><strong>moremque</strong></span> <span class='ocrx_word' id='word_1_504' title='bbox 776 3515 1056 3584; x_wconf 68' lang='lat' dir='ltr'><strong>exercitationemque</strong></span> <span class='ocrx_word' id='word_1_505' title='bbox 1065 3512 1112 3565; x_wconf 88' lang='lat' dir='ltr'><strong>tii·</strong></span> <span class='ocrx_word' id='word_1_506' title='bbox 1166 3507 1230 3567; x_wconf 80' lang='lat' dir='ltr'><strong>riuis</strong></span> <span class='ocrx_word' id='word_1_507' title='bbox 1251 3506 1374 3588; x_wconf 75' lang='grc' dir='ltr'>ἄνοίπλιιρ</span> <span class='ocrx_word' id='word_1_508' title='bbox 1390 3506 1436 3566; x_wconf 79' lang='lat' dir='ltr'><strong>stoi</strong></span> <span class='ocrx_word' id='word_1_509' title='bbox 1456 3509 1583 3584; x_wconf 77' lang='grc' dir='ltr'>διοογιῖς·</span> <span class='ocrx_word' id='word_1_510' title='bbox 1601 3504 1647 3564; x_wconf 78' lang='lat' dir='ltr'><strong>itai</strong></span> <span class='ocrx_word' id='word_1_511' title='bbox 1664 3505 1694 3564; x_wconf 81' lang='grc' dir='ltr'><strong>τὸ</strong></span> <span class='ocrx_word' id='word_1_512' title='bbox 1710 3504 1844 3586; x_wconf 64' lang='lat' dir='ltr'><strong>optima</strong></span> <span class='ocrx_word' id='word_1_513' title='bbox 1857 3508 1941 3564; x_wconf 77' lang='grc' dir='ltr'>αὐτῶν</span> 
     </span>
     <span class='ocr_line' id='line_1_37' title="bbox 338 3593 1943 3675; baseline 0.001 -27"><span class='ocrx_word' id='word_1_514' title='bbox 338 3595 436 3668; x_wconf 85' lang='lat' dir='ltr'><strong>cencii,</strong></span> <span class='ocrx_word' id='word_1_515' title='bbox 452 3599 475 3649; x_wconf 89' lang='lat' dir='ltr'><strong>is</strong></span> <span class='ocrx_word' id='word_1_516' title='bbox 488 3599 645 3663; x_wconf 83' lang='lat' dir='ltr'><strong>erituerus,</strong></span> <span class='ocrx_word' id='word_1_517' title='bbox 663 3599 686 3650; x_wconf 88' lang='lat' dir='ltr'><strong>is</strong></span> <span class='ocrx_word' id='word_1_518' title='bbox 696 3595 848 3669; x_wconf 84' lang='lat' dir='ltr'><strong>perfectus,</strong></span> <span class='ocrx_word' id='word_1_519' title='bbox 868 3601 891 3652; x_wconf 84' lang='lat' dir='ltr'><strong>is</strong></span> <span class='ocrx_word' id='word_1_520' title='bbox 912 3599 985 3652; x_wconf 82' lang='lat' dir='ltr'><strong>solus</strong></span> <span class='ocrx_word' id='word_1_521' title='bbox 997 3609 1109 3665; x_wconf 72' lang='lat' dir='ltr'><strong>orator,</strong></span> <span class='ocrx_word' id='word_1_522' title='bbox 1165 3593 1275 3675; x_wconf 76' lang='grc' dir='ltr'>ἀτιρπίς</span> <span class='ocrx_word' id='word_1_523' title='bbox 1285 3594 1330 3655; x_wconf 78' lang='grc' dir='ltr'><strong>καί</strong></span> <span class='ocrx_word' id='word_1_524' title='bbox 1343 3593 1479 3667; x_wconf 73' lang='grc' dir='ltr'>ἀνήδονον,</span> <span class='ocrx_word' id='word_1_525' title='bbox 1493 3595 1553 3653; x_wconf 68' lang='grc' dir='ltr'>ἀλλ’</span> <span class='ocrx_word' id='word_1_526' title='bbox 1563 3593 1888 3674; x_wconf 67' lang='grc' dir='ltr'>ἐπικίγιιτοιὶἈρροδίτη,</span> <span class='ocrx_word' id='word_1_527' title='bbox 1900 3594 1943 3652; x_wconf 68' lang='grc' dir='ltr'><strong>καὶ</strong></span> 
     </span>
     <span class='ocr_line' id='line_1_38' title="bbox 338 3671 1942 3762; baseline 0.002 -26"><span class='ocrx_word' id='word_1_528' title='bbox 338 3679 394 3737; x_wconf 87' lang='lat' dir='ltr'><strong>tria</strong></span> <span class='ocrx_word' id='word_1_529' title='bbox 408 3693 491 3751; x_wconf 91' lang='lat' dir='ltr'><strong>sunt,</strong></span> <span class='ocrx_word' id='word_1_530' title='bbox 513 3681 572 3739; x_wconf 90' lang='lat' dir='ltr'><strong>nisi</strong></span> <span class='ocrx_word' id='word_1_531' title='bbox 593 3681 689 3754; x_wconf 82' lang='lat' dir='ltr'><strong>fallor,</strong></span> <span class='ocrx_word' id='word_1_532' title='bbox 717 3701 782 3758; x_wconf 81' lang='lat' dir='ltr'><strong>quae</strong></span> <span class='ocrx_word' id='word_1_533' title='bbox 804 3681 955 3741; x_wconf 83' lang='lat' dir='ltr'><strong>Aristoteli</strong></span> <span class='ocrx_word' id='word_1_534' title='bbox 976 3684 1008 3742; x_wconf 91' lang='lat' dir='ltr'><strong>in</strong></span> <span class='ocrx_word' id='word_1_535' title='bbox 1035 3685 1110 3742; x_wconf 90' lang='lat' dir='ltr'><strong>scri·</strong></span> <span class='ocrx_word' id='word_1_536' title='bbox 1164 3682 1278 3762; x_wconf 71' lang='grc' dir='ltr'>Χάριτος</span> <span class='ocrx_word' id='word_1_537' title='bbox 1300 3687 1439 3743; x_wconf 73' lang='grc' dir='ltr'>ἐίιιινθοῦοι</span> <span class='ocrx_word' id='word_1_538' title='bbox 1460 3686 1506 3739; x_wconf 76' lang='grc' dir='ltr'><strong>τοῦ</strong></span> <span class='ocrx_word' id='word_1_539' title='bbox 1527 3682 1635 3762; x_wconf 75' lang='grc' dir='ltr'>ίρολιιὸν</span> <span class='ocrx_word' id='word_1_540' title='bbox 1657 3671 1737 3752; x_wconf 75' lang='lat' dir='ltr'><strong>sliat,</strong></span> <span class='ocrx_word' id='word_1_541' title='bbox 1759 3693 1804 3753; x_wconf 88' lang='lat' dir='ltr'><strong>et,</strong></span> <span class='ocrx_word' id='word_1_542' title='bbox 1834 3683 1942 3760; x_wconf 78' lang='lat' dir='ltr'><strong>quiex</strong></span> 
     </span>
     <span class='ocr_line' id='line_1_39' title="bbox 337 3766 1940 3848; baseline 0.004 -23"><span class='ocrx_word' id='word_1_543' title='bbox 337 3766 441 3826; x_wconf 89' lang='lat' dir='ltr'><strong>bendis</strong></span> <span class='ocrx_word' id='word_1_544' title='bbox 452 3768 577 3845; x_wconf 86' lang='lat' dir='ltr'><strong>dialogis</strong></span> <span class='ocrx_word' id='word_1_545' title='bbox 591 3769 712 3847; x_wconf 85' lang='lat' dir='ltr'><strong>propria</strong></span> <span class='ocrx_word' id='word_1_546' title='bbox 729 3769 817 3828; x_wconf 88' lang='lat' dir='ltr'><strong>luisse</strong></span> <span class='ocrx_word' id='word_1_547' title='bbox 831 3769 902 3827; x_wconf 87' lang='lat' dir='ltr'><strong>dicit</strong></span> <span class='ocrx_word' id='word_1_548' title='bbox 912 3769 1015 3828; x_wconf 83' lang='lat' dir='ltr'><strong>Cicero</strong></span> <span class='ocrx_word' id='word_1_549' title='bbox 1031 3773 1111 3848; x_wconf 87' lang='lat' dir='ltr'><strong>:pri·</strong></span> <span class='ocrx_word' id='word_1_550' title='bbox 1167 3771 1223 3830; x_wconf 90' lang='lat' dir='ltr'><strong>hoc</strong></span> <span class='ocrx_word' id='word_1_551' title='bbox 1247 3772 1295 3830; x_wconf 82' lang='lat' dir='ltr'><strong>vel</strong></span> <span class='ocrx_word' id='word_1_552' title='bbox 1318 3770 1410 3831; x_wconf 89' lang='lat' dir='ltr'><strong>simili</strong></span> <span class='ocrx_word' id='word_1_553' title='bbox 1434 3771 1556 3828; x_wconf 86' lang='lat' dir='ltr'><strong>sortasse</strong></span> <span class='ocrx_word' id='word_1_554' title='bbox 1578 3770 1645 3828; x_wconf 89' lang='lat' dir='ltr'><strong>loco</strong></span> <span class='ocrx_word' id='word_1_555' title='bbox 1667 3769 1804 3848; x_wconf 85' lang='lat' dir='ltr'><strong>proiecit,</strong></span> <span class='ocrx_word' id='word_1_556' title='bbox 1832 3770 1940 3831; x_wconf 82' lang='lat' dir='ltr'><strong>David.</strong></span> 
     </span>
     <span class='ocr_line' id='line_1_40' title="bbox 337 3855 1944 3938; baseline 0.003 -27"><span class='ocrx_word' id='word_1_557' title='bbox 337 3875 424 3926; x_wconf 85' lang='lat' dir='ltr'><strong>mam,</strong></span> <span class='ocrx_word' id='word_1_558' title='bbox 441 3855 506 3933; x_wconf 87' lang='lat' dir='ltr'><strong>ejus</strong></span> <span class='ocrx_word' id='word_1_559' title='bbox 515 3857 646 3934; x_wconf 89' lang='lat' dir='ltr'><strong>singulos</strong></span> <span class='ocrx_word' id='word_1_560' title='bbox 661 3857 815 3933; x_wconf 83' lang='lat' dir='ltr'><strong>dialogose</strong></span> <span class='ocrx_word' id='word_1_561' title='bbox 827 3857 938 3916; x_wconf 89' lang='lat' dir='ltr'><strong>duabus</strong></span> <span class='ocrx_word' id='word_1_562' title='bbox 949 3859 1032 3935; x_wconf 89' lang='lat' dir='ltr'><strong>quasi</strong></span> <span class='ocrx_word' id='word_1_563' title='bbox 1044 3878 1112 3937; x_wconf 90' lang='lat' dir='ltr'><strong>par·</strong></span> <span class='ocrx_word' id='word_1_564' title='bbox 1164 3860 1195 3918; x_wconf 91' lang='lat' dir='ltr'><strong>in</strong></span> <span class='ocrx_word' id='word_1_565' title='bbox 1212 3859 1311 3936; x_wconf 85' lang='lat' dir='ltr'><strong>Categ.</strong></span> <span class='ocrx_word' id='word_1_566' title='bbox 1325 3879 1355 3938; x_wconf 91' lang='lat' dir='ltr'><strong>p.</strong></span> <span class='ocrx_word' id='word_1_567' title='bbox 1372 3861 1422 3935; x_wconf 75' lang='lat'><strong>26,</strong></span> <span class='ocrx_word' id='word_1_568' title='bbox 1441 3860 1478 3932; x_wconf 83' lang='lat' dir='ltr'><strong>ll,</strong></span> <span class='ocrx_word' id='word_1_569' title='bbox 1492 3857 1547 3929; x_wconf 80' lang='lat'><strong>35,</strong></span> <span class='ocrx_word' id='word_1_570' title='bbox 1563 3857 1648 3935; x_wconf 81' lang='lat' dir='ltr'><strong>cujus</strong></span> <span class='ocrx_word' id='word_1_571' title='bbox 1667 3857 1759 3916; x_wconf 82' lang='lat' dir='ltr'><strong>verba</strong></span> <span class='ocrx_word' id='word_1_572' title='bbox 1772 3859 1890 3934; x_wconf 77' lang='lat' dir='ltr'><strong>egregie</strong></span> <span class='ocrx_word' id='word_1_573' title='bbox 1906 3861 1944 3917; x_wconf 85' lang='lat' dir='ltr'><strong>ita</strong></span> 
     </span>
     <span class='ocr_line' id='line_1_41' title="bbox 336 3942 1938 4024; baseline 0.002 -24"><span class='ocrx_word' id='word_1_574' title='bbox 336 3942 414 4003; x_wconf 86' lang='lat' dir='ltr'><strong>tibus</strong></span> <span class='ocrx_word' id='word_1_575' title='bbox 435 3944 619 4016; x_wconf 83' lang='lat' dir='ltr'><strong>constitisse,</strong></span> <span class='ocrx_word' id='word_1_576' title='bbox 634 3945 715 4004; x_wconf 87' lang='lat' dir='ltr'><strong>etita</strong></span> <span class='ocrx_word' id='word_1_577' title='bbox 735 3944 851 4023; x_wconf 88' lang='lat' dir='ltr'><strong>quidem</strong></span> <span class='ocrx_word' id='word_1_578' title='bbox 869 3958 902 4004; x_wconf 91' lang='lat' dir='ltr'><strong>ut</strong></span> <span class='ocrx_word' id='word_1_579' title='bbox 915 3948 1021 4024; x_wconf 89' lang='lat' dir='ltr'><strong>cuique</strong></span> <span class='ocrx_word' id='word_1_580' title='bbox 1031 3946 1110 4007; x_wconf 89' lang='lat' dir='ltr'><strong>libro</strong></span> <span class='ocrx_word' id='word_1_581' title='bbox 1163 3948 1328 4006; x_wconf 86' lang='lat' dir='ltr'><strong>emendavit</strong></span> <span class='ocrx_word' id='word_1_582' title='bbox 1343 3948 1487 4024; x_wconf 82' lang='lat' dir='ltr'><strong>bernays,</strong></span> <span class='ocrx_word' id='word_1_583' title='bbox 1502 3949 1550 4002; x_wconf 83' lang='lat' dir='ltr'><strong>die</strong></span> <span class='ocrx_word' id='word_1_584' title='bbox 1563 3949 1688 4020; x_wconf 87' lang='lat' dir='ltr'><strong>Dialoge</strong></span> <span class='ocrx_word' id='word_1_585' title='bbox 1700 3949 1750 4003; x_wconf 84' lang='lat' dir='ltr'><strong>ties</strong></span> <span class='ocrx_word' id='word_1_586' title='bbox 1763 3951 1938 4014; x_wconf 83' lang='lat' dir='ltr'><strong>Aristoteles,</strong></span> 
     </span>
     <span class='ocr_line' id='line_1_42' title="bbox 335 4031 1944 4115; baseline 0.002 -26"><span class='ocrx_word' id='word_1_587' title='bbox 335 4033 559 4108; x_wconf 81' lang='lat' dir='ltr'><strong>praemitteretur</strong></span> <span class='ocrx_word' id='word_1_588' title='bbox 575 4032 769 4112; x_wconf 67' lang='lat' dir='ltr'><strong>procamium</strong></span> <span class='ocrx_word' id='word_1_589' title='bbox 795 4033 900 4092; x_wconf 91' lang='lat' dir='ltr'><strong>deinde</strong></span> <span class='ocrx_word' id='word_1_590' title='bbox 924 4035 1020 4112; x_wconf 86' lang='lat' dir='ltr'><strong>ipsum</strong></span> <span class='ocrx_word' id='word_1_591' title='bbox 1045 4036 1112 4094; x_wconf 76' lang='lat' dir='ltr'><strong>tiri·</strong></span> <span class='ocrx_word' id='word_1_592' title='bbox 1164 4057 1194 4115; x_wconf 89' lang='lat' dir='ltr'><strong>p.</strong></span> <span class='ocrx_word' id='word_1_593' title='bbox 1222 4038 1275 4110; x_wconf 75' lang='lat'><strong>1³7</strong></span> <span class='ocrx_word' id='word_1_594' title='bbox 1293 4053 1301 4095; x_wconf 76' lang='grc' dir='ltr'><strong><em>ε</em></strong></span> <span class='ocrx_word' id='word_1_595' title='bbox 1319 4033 1368 4095; x_wconf 90' lang='grc' dir='ltr'><strong>Ἐν</strong></span> <span class='ocrx_word' id='word_1_596' title='bbox 1390 4032 1437 4112; x_wconf 71' lang='grc' dir='ltr'><strong>μὲν</strong></span> <span class='ocrx_word' id='word_1_597' title='bbox 1460 4040 1514 4100; x_wconf 78' lang='grc' dir='ltr'>τοῖς</span> <span class='ocrx_word' id='word_1_598' title='bbox 1534 4037 1691 4112; x_wconf 82' lang='grc' dir='ltr'>διιλογιιιοῐς</span> <span class='ocrx_word' id='word_1_599' title='bbox 1711 4033 1764 4101; x_wconf 77' lang='grc' dir='ltr'>τοῖς</span> <span class='ocrx_word' id='word_1_600' title='bbox 1783 4031 1944 4112; x_wconf 66' lang='grc' dir='ltr'>ἐξωτερικοῖς</span> 
     </span>
     <span class='ocr_line' id='line_1_43' title="bbox 335 4119 1943 4205; baseline 0.004 -29"><span class='ocrx_word' id='word_1_601' title='bbox 335 4121 464 4180; x_wconf 88' lang='lat' dir='ltr'><strong>stotelem</strong></span> <span class='ocrx_word' id='word_1_602' title='bbox 474 4120 505 4181; x_wconf 90' lang='lat' dir='ltr'><strong>in</strong></span> <span class='ocrx_word' id='word_1_603' title='bbox 515 4120 633 4197; x_wconf 90' lang='lat' dir='ltr'><strong>dialogo</strong></span> <span class='ocrx_word' id='word_1_604' title='bbox 644 4135 741 4200; x_wconf 87' lang='lat' dir='ltr'><strong>partes</strong></span> <span class='ocrx_word' id='word_1_605' title='bbox 749 4122 843 4198; x_wconf 87' lang='lat' dir='ltr'><strong>egisse</strong></span> <span class='ocrx_word' id='word_1_606' title='bbox 853 4145 861 4193; x_wconf 91' lang='lat'>;</span> <span class='ocrx_word' id='word_1_607' title='bbox 872 4135 1019 4200; x_wconf 89' lang='lat' dir='ltr'><strong>postremo</strong></span> <span class='ocrx_word' id='word_1_608' title='bbox 1025 4142 1110 4202; x_wconf 88' lang='lat' dir='ltr'><strong>vero,</strong></span> <span class='ocrx_word' id='word_1_609' title='bbox 1163 4123 1249 4205; x_wconf 79' lang='grc' dir='ltr'>οορής</span> <span class='ocrx_word' id='word_1_610' title='bbox 1265 4119 1387 4204; x_wconf 58' lang='lat' dir='ltr'><strong>[irath</strong></span> <span class='ocrx_word' id='word_1_611' title='bbox 1401 4124 1436 4190; x_wconf 74' lang='grc' dir='ltr'><strong>ὥς</strong></span> <span class='ocrx_word' id='word_1_612' title='bbox 1446 4120 1511 4199; x_wconf 81' lang='grc' dir='ltr'>πρὸς</span> <span class='ocrx_word' id='word_1_613' title='bbox 1521 4119 1580 4189; x_wconf 78' lang='grc' dir='ltr'>τοὺς</span> <span class='ocrx_word' id='word_1_614' title='bbox 1593 4119 1643 4188; x_wconf 75' lang='grc' dir='ltr'><strong>ἔξω</strong></span> <span class='ocrx_word' id='word_1_615' title='bbox 1657 4120 1810 4202; x_wconf 75' lang='grc' dir='ltr'>ριλοοορίιις</span> <span class='ocrx_word' id='word_1_616' title='bbox 1824 4123 1943 4199; x_wconf 64' lang='grc' dir='ltr'>διαλεγό-</span> 
     </span>
     <span class='ocr_line' id='line_1_44' title="bbox 336 4208 1944 4289; baseline 0.006 -28"><span class='ocrx_word' id='word_1_617' title='bbox 336 4209 496 4268; x_wconf 90' lang='lat' dir='ltr'><strong>contrarias</strong></span> <span class='ocrx_word' id='word_1_618' title='bbox 509 4208 540 4267; x_wconf 89' lang='lat' dir='ltr'><strong>in</strong></span> <span class='ocrx_word' id='word_1_619' title='bbox 556 4208 617 4267; x_wconf 92' lang='lat' dir='ltr'><strong>illis</strong></span> <span class='ocrx_word' id='word_1_620' title='bbox 629 4210 784 4268; x_wconf 83' lang='lat' dir='ltr'><strong>sententias</strong></span> <span class='ocrx_word' id='word_1_621' title='bbox 797 4211 944 4287; x_wconf 80' lang='lat' dir='ltr'><strong>expositas</strong></span> <span class='ocrx_word' id='word_1_622' title='bbox 961 4211 1050 4270; x_wconf 85' lang='lat' dir='ltr'><strong>luisse</strong></span> <span class='ocrx_word' id='word_1_623' title='bbox 1060 4231 1110 4270; x_wconf 88' lang='lat' dir='ltr'><strong>au·</strong></span> <span class='ocrx_word' id='word_1_624' title='bbox 1164 4235 1257 4289; x_wconf 78' lang='grc' dir='ltr'>μινος,</span> <span class='ocrx_word' id='word_1_625' title='bbox 1270 4214 1306 4277; x_wconf 80' lang='grc' dir='ltr'><strong>ὡς</strong></span> <span class='ocrx_word' id='word_1_626' title='bbox 1326 4209 1365 4268; x_wconf 79' lang='lat' dir='ltr'><strong>dl.</strong></span> <span class='ocrx_word' id='word_1_627' title='bbox 1375 4211 1402 4268; x_wconf 80' lang='lat' dir='ltr'><strong>lv</strong></span> <span class='ocrx_word' id='word_1_628' title='bbox 1424 4211 1595 4277; x_wconf 80' lang='grc' dir='ltr'>διαλιιιτιιιοῖς</span> <span class='ocrx_word' id='word_1_629' title='bbox 1610 4209 1812 4288; x_wconf 88' lang='lat' dir='ltr'><strong>(scribendum</strong></span> <span class='ocrx_word' id='word_1_630' title='bbox 1826 4212 1944 4271; x_wconf 76' lang='lat' dir='ltr'><strong>videtur</strong></span> 
     </span>
     <span class='ocr_line' id='line_1_45' title="bbox 337 4296 1942 4380; baseline 0.004 -31"><span class='ocrx_word' id='word_1_631' title='bbox 337 4307 504 4374; x_wconf 89' lang='lat' dir='ltr'><strong>ctoremque</strong></span> <span class='ocrx_word' id='word_1_632' title='bbox 516 4298 548 4356; x_wconf 91' lang='lat' dir='ltr'><strong>in</strong></span> <span class='ocrx_word' id='word_1_633' title='bbox 561 4316 598 4357; x_wconf 89' lang='lat' dir='ltr'><strong>eo</strong></span> <span class='ocrx_word' id='word_1_634' title='bbox 612 4317 629 4356; x_wconf 86' lang='lat' dir='ltr'><strong>a</strong></span> <span class='ocrx_word' id='word_1_635' title='bbox 642 4297 775 4369; x_wconf 87' lang='lat' dir='ltr'><strong>Platone,</strong></span> <span class='ocrx_word' id='word_1_636' title='bbox 791 4299 1112 4379; x_wconf 76' lang='lat' dir='ltr'><strong>htuesilaoceterisque</strong></span> <span class='ocrx_word' id='word_1_637' title='bbox 1164 4300 1339 4379; x_wconf 80' lang='grc' dir='ltr'>διαλογικοῑς)</span> <span class='ocrx_word' id='word_1_638' title='bbox 1354 4296 1471 4364; x_wconf 81' lang='grc' dir='ltr'>ποικίλος</span> <span class='ocrx_word' id='word_1_639' title='bbox 1488 4297 1546 4364; x_wconf 81' lang='grc' dir='ltr'>τοῖς</span> <span class='ocrx_word' id='word_1_640' title='bbox 1565 4296 1724 4374; x_wconf 70' lang='lat' dir='ltr'><strong>pipinius,</strong></span> <span class='ocrx_word' id='word_1_641' title='bbox 1733 4297 1887 4380; x_wconf 76' lang='grc' dir='ltr'>Ἀφροδίτης</span> <span class='ocrx_word' id='word_1_642' title='bbox 1899 4303 1942 4356; x_wconf 73' lang='grc' dir='ltr'><strong>ἐν·</strong></span> 
     </span>
     <span class='ocr_line' id='line_1_46' title="bbox 336 4380 1942 4468; baseline 0.006 -30"><span class='ocrx_word' id='word_1_643' title='bbox 336 4380 808 4459; x_wconf 67' lang='lat' dir='ltr'><strong>Socraticisditersumluissent,</strong></span> <span class='ocrx_word' id='word_1_644' title='bbox 822 4387 893 4465; x_wconf 85' lang='lat' dir='ltr'><strong>quid</strong></span> <span class='ocrx_word' id='word_1_645' title='bbox 905 4387 969 4465; x_wconf 87' lang='lat' dir='ltr'><strong>ipsc</strong></span> <span class='ocrx_word' id='word_1_646' title='bbox 979 4388 1109 4461; x_wconf 89' lang='lat' dir='ltr'><strong>sentiret,</strong></span> <span class='ocrx_word' id='word_1_647' title='bbox 1163 4386 1245 4464; x_wconf 76' lang='grc' dir='ltr'>νόμου</span> <span class='ocrx_word' id='word_1_648' title='bbox 1264 4384 1352 4465; x_wconf 59' lang='lat' dir='ltr'><strong>ripun</strong></span> <span class='ocrx_word' id='word_1_649' title='bbox 1364 4388 1436 4464; x_wconf 86' lang='lat' dir='ltr'><strong>(pro</strong></span> <span class='ocrx_word' id='word_1_650' title='bbox 1457 4405 1493 4444; x_wconf 88' lang='lat' dir='ltr'><strong>eo</strong></span> <span class='ocrx_word' id='word_1_651' title='bbox 1514 4385 1594 4464; x_wconf 89' lang='lat' dir='ltr'><strong>quod</strong></span> <span class='ocrx_word' id='word_1_652' title='bbox 1615 4385 1725 4445; x_wconf 88' lang='lat' dir='ltr'><strong>editum</strong></span> <span class='ocrx_word' id='word_1_653' title='bbox 1739 4400 1783 4446; x_wconf 86' lang='lat' dir='ltr'><strong>est</strong></span> <span class='ocrx_word' id='word_1_654' title='bbox 1796 4406 1805 4447; x_wconf 76' lang='grc' dir='ltr'><em>τ</em></span> <span class='ocrx_word' id='word_1_655' title='bbox 1818 4385 1942 4468; x_wconf 60' lang='lat' dir='ltr'><strong>&#39;appodi-</strong></span> 
     </span>
     <span class='ocr_line' id='line_1_47' title="bbox 336 4470 1943 4555; baseline 0.009 -33"><span class='ocrx_word' id='word_1_656' title='bbox 336 4470 500 4529; x_wconf 89' lang='lat' dir='ltr'><strong>ostenderet</strong></span> <span class='ocrx_word' id='word_1_657' title='bbox 516 4471 571 4550; x_wconf 80' lang='lat' dir='ltr'><strong>(cl.</strong></span> <span class='ocrx_word' id='word_1_658' title='bbox 589 4472 651 4535; x_wconf 84' lang='lat' dir='ltr'><strong>cic.</strong></span> <span class='ocrx_word' id='word_1_659' title='bbox 667 4474 704 4532; x_wconf 87' lang='lat' dir='ltr'><strong>de</strong></span> <span class='ocrx_word' id='word_1_660' title='bbox 726 4474 807 4532; x_wconf 81' lang='lat' dir='ltr'><strong>Orat.</strong></span> <span class='ocrx_word' id='word_1_661' title='bbox 830 4472 885 4550; x_wconf 89' lang='lat'><strong>111,</strong></span> <span class='ocrx_word' id='word_1_662' title='bbox 914 4476 963 4551; x_wconf 86' lang='lat'><strong>18,</strong></span> <span class='ocrx_word' id='word_1_663' title='bbox 979 4473 1048 4555; x_wconf 76' lang='lat' dir='ltr'><strong>Op).</strong></span> <span class='ocrx_word' id='word_1_664' title='bbox 1162 4499 1209 4548; x_wconf 76' lang='grc' dir='ltr'><strong>της</strong></span> <span class='ocrx_word' id='word_1_665' title='bbox 1229 4472 1312 4551; x_wconf 73' lang='grc' dir='ltr'>ὄνομα</span> <span class='ocrx_word' id='word_1_666' title='bbox 1335 4472 1459 4551; x_wconf 75' lang='grc' dir='ltr'>τέμνων)</span> <span class='ocrx_word' id='word_1_667' title='bbox 1489 4474 1535 4533; x_wconf 79' lang='grc' dir='ltr'><strong>καί</strong></span> <span class='ocrx_word' id='word_1_668' title='bbox 1558 4473 1675 4554; x_wconf 77' lang='grc' dir='ltr'>χαρίτων</span> <span class='ocrx_word' id='word_1_669' title='bbox 1701 4474 1858 4552; x_wconf 77' lang='grc' dir='ltr'>ἀνάριστος,</span> <span class='ocrx_word' id='word_1_670' title='bbox 1888 4477 1943 4536; x_wconf 86' lang='lat' dir='ltr'><strong>llis</strong></span> 
     </span>
    </p>

    <p class='ocr_par' dir='ltr' id='par_1_4' title="bbox 334 4553 1942 5256">
     <span class='ocr_line' id='line_1_48' title="bbox 376 4553 1942 4642; baseline 0.008 -31"><span class='ocrx_word' id='word_1_671' title='bbox 376 4553 419 4612; x_wconf 80' lang='lat' dir='ltr'><strong>Ex</strong></span> <span class='ocrx_word' id='word_1_672' title='bbox 433 4556 478 4614; x_wconf 88' lang='lat' dir='ltr'><strong>his</strong></span> <span class='ocrx_word' id='word_1_673' title='bbox 494 4559 564 4616; x_wconf 89' lang='lat' dir='ltr'><strong>satis</strong></span> <span class='ocrx_word' id='word_1_674' title='bbox 578 4559 672 4636; x_wconf 89' lang='lat' dir='ltr'><strong>liquet</strong></span> <span class='ocrx_word' id='word_1_675' title='bbox 687 4560 769 4619; x_wconf 90' lang='lat' dir='ltr'><strong>nulio</strong></span> <span class='ocrx_word' id='word_1_676' title='bbox 783 4560 871 4620; x_wconf 90' lang='lat' dir='ltr'><strong>modo</strong></span> <span class='ocrx_word' id='word_1_677' title='bbox 889 4561 1008 4640; x_wconf 87' lang='lat' dir='ltr'><strong>probari</strong></span> <span class='ocrx_word' id='word_1_678' title='bbox 1024 4581 1111 4640; x_wconf 91' lang='lat' dir='ltr'><strong>posse</strong></span> <span class='ocrx_word' id='word_1_679' title='bbox 1162 4583 1236 4623; x_wconf 81' lang='lat' dir='ltr'><strong>vero</strong></span> <span class='ocrx_word' id='word_1_680' title='bbox 1249 4577 1336 4642; x_wconf 87' lang='lat' dir='ltr'><strong>atque</strong></span> <span class='ocrx_word' id='word_1_681' title='bbox 1355 4561 1477 4636; x_wconf 87' lang='lat' dir='ltr'><strong>talibus,</strong></span> <span class='ocrx_word' id='word_1_682' title='bbox 1499 4562 1717 4622; x_wconf 88' lang='lat' dir='ltr'><strong>luxuriantibus</strong></span> <span class='ocrx_word' id='word_1_683' title='bbox 1739 4568 1823 4641; x_wconf 89' lang='lat' dir='ltr'><strong>quasi</strong></span> <span class='ocrx_word' id='word_1_684' title='bbox 1846 4565 1942 4623; x_wconf 80' lang='lat' dir='ltr'><strong>itati-</strong></span> 
     </span>
     <span class='ocr_line' id='line_1_49' title="bbox 336 4639 1941 4732; baseline 0.009 -35"><span class='ocrx_word' id='word_1_685' title='bbox 336 4639 1110 4726; x_wconf 82' lang='lat' dir='ltr'><strong>allosionuperprolatatnopinionem.quametsisae·</strong></span> <span class='ocrx_word' id='word_1_686' title='bbox 1160 4652 1234 4725; x_wconf 83' lang='lat' dir='ltr'><strong>bus,</strong></span> <span class='ocrx_word' id='word_1_687' title='bbox 1249 4654 1300 4710; x_wconf 82' lang='lat' dir='ltr'><strong>vix</strong></span> <span class='ocrx_word' id='word_1_688' title='bbox 1328 4652 1454 4709; x_wconf 90' lang='lat' dir='ltr'><strong>multum</strong></span> <span class='ocrx_word' id='word_1_689' title='bbox 1481 4651 1635 4728; x_wconf 83' lang='lat' dir='ltr'><strong>juvamur,</strong></span> <span class='ocrx_word' id='word_1_690' title='bbox 1662 4665 1695 4710; x_wconf 92' lang='lat' dir='ltr'><strong>ut</strong></span> <span class='ocrx_word' id='word_1_691' title='bbox 1719 4663 1825 4710; x_wconf 86' lang='lat' dir='ltr'><strong>rectam</strong></span> <span class='ocrx_word' id='word_1_692' title='bbox 1852 4667 1941 4732; x_wconf 89' lang='lat' dir='ltr'><strong>atque</strong></span> 
     </span>
     <span class='ocr_line' id='line_1_50' title="bbox 337 4729 1940 4819; baseline 0.009 -32"><span class='ocrx_word' id='word_1_693' title='bbox 337 4729 404 4806; x_wconf 87' lang='lat' dir='ltr'><strong>pius</strong></span> <span class='ocrx_word' id='word_1_694' title='bbox 416 4730 539 4790; x_wconf 83' lang='lat' dir='ltr'><strong>affirmet</strong></span> <span class='ocrx_word' id='word_1_695' title='bbox 552 4734 598 4809; x_wconf 87' lang='lat' dir='ltr'><strong>(cf.</strong></span> <span class='ocrx_word' id='word_1_696' title='bbox 611 4754 641 4811; x_wconf 94' lang='lat' dir='ltr'><strong>p.</strong></span> <span class='ocrx_word' id='word_1_697' title='bbox 653 4735 689 4792; x_wconf 73' lang='grc' dir='ltr'><strong>οδ</strong></span> <span class='ocrx_word' id='word_1_698' title='bbox 698 4735 830 4816; x_wconf 80' lang='grc' dir='ltr'>οιοΙίίιί),</span> <span class='ocrx_word' id='word_1_699' title='bbox 841 4737 925 4797; x_wconf 89' lang='lat' dir='ltr'><strong>nullo</strong></span> <span class='ocrx_word' id='word_1_700' title='bbox 934 4750 1028 4795; x_wconf 87' lang='lat' dir='ltr'><strong>tamen</strong></span> <span class='ocrx_word' id='word_1_701' title='bbox 1039 4739 1111 4798; x_wconf 89' lang='lat' dir='ltr'><strong>satis</strong></span> <span class='ocrx_word' id='word_1_702' title='bbox 1162 4741 1304 4800; x_wconf 88' lang='lat' dir='ltr'><strong>sinceram</strong></span> <span class='ocrx_word' id='word_1_703' title='bbox 1326 4739 1566 4798; x_wconf 73' lang='lat' dir='ltr'><strong>Aristoteleorutn</strong></span> <span class='ocrx_word' id='word_1_704' title='bbox 1581 4739 1766 4815; x_wconf 88' lang='lat' dir='ltr'><strong>dialogorum</strong></span> <span class='ocrx_word' id='word_1_705' title='bbox 1780 4742 1940 4819; x_wconf 86' lang='lat' dir='ltr'><strong>imaginent</strong></span> 
     </span>
     <span class='ocr_line' id='line_1_51' title="bbox 337 4818 1940 4903; baseline 0.01 -30"><span class='ocrx_word' id='word_1_706' title='bbox 337 4818 421 4875; x_wconf 88' lang='lat' dir='ltr'><strong>lirmo</strong></span> <span class='ocrx_word' id='word_1_707' title='bbox 432 4832 600 4895; x_wconf 88' lang='lat' dir='ltr'><strong>argumento</strong></span> <span class='ocrx_word' id='word_1_708' title='bbox 608 4821 887 4900; x_wconf 77' lang='lat' dir='ltr'><strong>probattscilicetin</strong></span> <span class='ocrx_word' id='word_1_709' title='bbox 896 4825 1032 4901; x_wconf 90' lang='lat' dir='ltr'><strong>dialogis,</strong></span> <span class='ocrx_word' id='word_1_710' title='bbox 1044 4847 1110 4903; x_wconf 76' lang='lat' dir='ltr'><strong>qua</strong></span> <span class='ocrx_word' id='word_1_711' title='bbox 1162 4828 1260 4884; x_wconf 88' lang='lat' dir='ltr'><strong>animo</strong></span> <span class='ocrx_word' id='word_1_712' title='bbox 1285 4826 1487 4888; x_wconf 78' lang='lat' dir='ltr'><strong>informemus.</strong></span> <span class='ocrx_word' id='word_1_713' title='bbox 1513 4827 1587 4886; x_wconf 80' lang='lat' dir='ltr'><strong>ane</strong></span> <span class='ocrx_word' id='word_1_714' title='bbox 1615 4847 1686 4886; x_wconf 82' lang='lat' dir='ltr'><strong>vero</strong></span> <span class='ocrx_word' id='word_1_715' title='bbox 1711 4849 1813 4889; x_wconf 87' lang='lat' dir='ltr'><strong>rursus</strong></span> <span class='ocrx_word' id='word_1_716' title='bbox 1845 4833 1940 4890; x_wconf 88' lang='lat' dir='ltr'><strong>multo</strong></span> 
     </span>
     <span class='ocr_line' id='line_1_52' title="bbox 337 4904 1940 4994; baseline 0.011 -32"><span class='ocrx_word' id='word_1_717' title='bbox 337 4904 484 4964; x_wconf 75' lang='lat' dir='ltr'><strong>Aristoteli</strong></span> <span class='ocrx_word' id='word_1_718' title='bbox 495 4905 672 4974; x_wconf 89' lang='lat' dir='ltr'><strong>tribuuntur,</strong></span> <span class='ocrx_word' id='word_1_719' title='bbox 681 4909 825 4970; x_wconf 89' lang='lat' dir='ltr'><strong>Socratem</strong></span> <span class='ocrx_word' id='word_1_720' title='bbox 834 4912 929 4990; x_wconf 88' lang='lat' dir='ltr'><strong>ipsum</strong></span> <span class='ocrx_word' id='word_1_721' title='bbox 941 4913 1109 4992; x_wconf 89' lang='lat' dir='ltr'><strong>loquentem</strong></span> <span class='ocrx_word' id='word_1_722' title='bbox 1162 4913 1384 4994; x_wconf 89' lang='lat' dir='ltr'><strong>locupletiorem</strong></span> <span class='ocrx_word' id='word_1_723' title='bbox 1413 4927 1442 4974; x_wconf 91' lang='lat' dir='ltr'><strong>et</strong></span> <span class='ocrx_word' id='word_1_724' title='bbox 1465 4915 1651 4992; x_wconf 88' lang='lat' dir='ltr'><strong>integriorem</strong></span> <span class='ocrx_word' id='word_1_725' title='bbox 1675 4930 1773 4976; x_wconf 86' lang='lat' dir='ltr'><strong>testem</strong></span> <span class='ocrx_word' id='word_1_726' title='bbox 1798 4919 1940 4979; x_wconf 88' lang='lat' dir='ltr'><strong>habemus</strong></span> 
     </span>
     <span class='ocr_line' id='line_1_53' title="bbox 336 4993 1939 5082; baseline 0.009 -32"><span class='ocrx_word' id='word_1_727' title='bbox 336 4993 485 5052; x_wconf 89' lang='lat' dir='ltr'><strong>inductum</strong></span> <span class='ocrx_word' id='word_1_728' title='bbox 509 4995 608 5056; x_wconf 86' lang='lat' dir='ltr'><strong>luisse.</strong></span> <span class='ocrx_word' id='word_1_729' title='bbox 632 4995 699 5054; x_wconf 83' lang='lat' dir='ltr'><strong>ilaec</strong></span> <span class='ocrx_word' id='word_1_730' title='bbox 722 4999 800 5057; x_wconf 90' lang='lat' dir='ltr'><strong>enim</strong></span> <span class='ocrx_word' id='word_1_731' title='bbox 824 5003 976 5074; x_wconf 89' lang='lat' dir='ltr'><strong>sententia,</strong></span> <span class='ocrx_word' id='word_1_732' title='bbox 998 5015 1030 5061; x_wconf 94' lang='lat' dir='ltr'><strong>ut</strong></span> <span class='ocrx_word' id='word_1_733' title='bbox 1046 5003 1108 5079; x_wconf 87' lang='lat' dir='ltr'><strong>jam</strong></span> <span class='ocrx_word' id='word_1_734' title='bbox 1162 5002 1346 5076; x_wconf 83' lang='lat' dir='ltr'><strong>Ciceronem,</strong></span> <span class='ocrx_word' id='word_1_735' title='bbox 1371 5002 1471 5082; x_wconf 89' lang='lat' dir='ltr'><strong>cujus,</strong></span> <span class='ocrx_word' id='word_1_736' title='bbox 1501 5003 1570 5062; x_wconf 89' lang='lat' dir='ltr'><strong>licet</strong></span> <span class='ocrx_word' id='word_1_737' title='bbox 1594 5005 1772 5064; x_wconf 82' lang='lat' dir='ltr'><strong>contrarium</strong></span> <span class='ocrx_word' id='word_1_738' title='bbox 1799 5008 1939 5066; x_wconf 82' lang='lat' dir='ltr'><strong>nonnulli</strong></span> 
     </span>
     <span class='ocr_line' id='line_1_54' title="bbox 336 5083 1941 5169; baseline 0.007 -30"><span class='ocrx_word' id='word_1_739' title='bbox 336 5099 373 5140; x_wconf 85' lang='lat' dir='ltr'><strong>cx</strong></span> <span class='ocrx_word' id='word_1_740' title='bbox 389 5083 541 5142; x_wconf 88' lang='lat' dir='ltr'><strong>immutata</strong></span> <span class='ocrx_word' id='word_1_741' title='bbox 557 5084 739 5161; x_wconf 86' lang='lat' dir='ltr'><strong>dialogorum</strong></span> <span class='ocrx_word' id='word_1_742' title='bbox 761 5088 1107 5169; x_wconf 84' lang='lat' dir='ltr'><strong>1·atione,nonatuplius</strong></span> <span class='ocrx_word' id='word_1_743' title='bbox 1162 5089 1307 5150; x_wconf 85' lang='lat' dir='ltr'><strong>affirmare</strong></span> <span class='ocrx_word' id='word_1_744' title='bbox 1332 5091 1428 5150; x_wconf 88' lang='lat' dir='ltr'><strong>conati</strong></span> <span class='ocrx_word' id='word_1_745' title='bbox 1454 5089 1528 5164; x_wconf 87' lang='lat' dir='ltr'><strong>sint,</strong></span> <span class='ocrx_word' id='word_1_746' title='bbox 1554 5111 1745 5169; x_wconf 71' lang='lat' dir='ltr'><strong>quacumque</strong></span> <span class='ocrx_word' id='word_1_747' title='bbox 1765 5093 1802 5150; x_wconf 90' lang='lat' dir='ltr'><strong>de</strong></span> <span class='ocrx_word' id='word_1_748' title='bbox 1823 5093 1941 5150; x_wconf 73' lang='lat' dir='ltr'><strong>bristo-</strong></span> 
     </span>
     <span class='ocr_line' id='line_1_55' title="bbox 334 5169 1940 5256; baseline 0.006 -28"><span class='ocrx_word' id='word_1_749' title='bbox 334 5169 558 5245; x_wconf 88' lang='lat' dir='ltr'><strong>Socraticorum,</strong></span> <span class='ocrx_word' id='word_1_750' title='bbox 575 5174 671 5232; x_wconf 92' lang='lat' dir='ltr'><strong>minus</strong></span> <span class='ocrx_word' id='word_1_751' title='bbox 686 5173 850 5252; x_wconf 87' lang='lat' dir='ltr'><strong>probabilis</strong></span> <span class='ocrx_word' id='word_1_752' title='bbox 866 5177 912 5248; x_wconf 89' lang='lat' dir='ltr'><strong>fit,</strong></span> <span class='ocrx_word' id='word_1_753' title='bbox 927 5177 1106 5255; x_wconf 77' lang='lat' dir='ltr'><strong>planeever·</strong></span> <span class='ocrx_word' id='word_1_754' title='bbox 1164 5178 1230 5238; x_wconf 86' lang='lat' dir='ltr'><strong>telis</strong></span> <span class='ocrx_word' id='word_1_755' title='bbox 1257 5178 1374 5237; x_wconf 90' lang='lat' dir='ltr'><strong>dicendi</strong></span> <span class='ocrx_word' id='word_1_756' title='bbox 1404 5197 1511 5256; x_wconf 87' lang='lat' dir='ltr'><strong>genere</strong></span> <span class='ocrx_word' id='word_1_757' title='bbox 1539 5180 1659 5250; x_wconf 72' lang='lat' dir='ltr'><strong>attulit„</strong></span> <span class='ocrx_word' id='word_1_758' title='bbox 1673 5179 1710 5238; x_wconf 88' lang='lat' dir='ltr'><strong>ad</strong></span> <span class='ocrx_word' id='word_1_759' title='bbox 1737 5181 1817 5239; x_wconf 90' lang='lat' dir='ltr'><strong>solos</strong></span> <span class='ocrx_word' id='word_1_760' title='bbox 1844 5180 1940 5238; x_wconf 82' lang='lat' dir='ltr'><strong>dialo-</strong></span> 
     </span>
    </p>
   </div>
   <div class='ocr_carea' id='block_1_4' title="bbox 0 0 2072 6134">
    <p class='ocr_par' dir='ltr' id='par_1_5' title="bbox 0 0 2072 6134">
     <span class='ocr_line' id='line_1_56' title="bbox 0 0 2072 6134; baseline 0 0"><span class='ocrx_word' id='word_1_761' title='bbox 0 0 2072 6134; x_wconf 95' lang='lat' dir='ltr'><strong> </strong></span> 
     </span>
    </p>
   </div>
  </div>
 </body>
</html>
