4134 6134
444 793 473 830 rr
988 770 1205 830 Panemo,

442 905 520 1000 ipso
538 902 750 973 Casaubonn
765 902 872 993 valet,
900 903 962 998 qui
977 928 1092 1012 guum
1108 901 1246 973 acerbis
1266 900 1385 971 verbis
1413 925 1558 998 operam
1587 925 1697 996 quam
1726 902 1760 970 in

442 1025 648 1124 colligendis
659 1023 931 1123 deperditarum
943 1026 1152 1124 philosophi
1164 1023 1340 1095 librorum
1352 1024 1513 1121 reliquiis
1525 1025 1763 1097 collocaverat

446 1152 616 1222 Patricius
639 1151 897 1249 perstrinxisset
919 1151 985 1244 (ι),
1013 1149 1106 1219 ultra
1129 1175 1208 1220 eam
1226 1148 1326 1219 band
1348 1173 1570 1248 progressae,
1599 1149 1658 1219 illa
1684 1165 1785 1218 tan--

448 1275 632 1346 tummodo
647 1275 842 1369 fragmenta
857 1299 928 1344 suae
943 1273 1091 1345 editioni
1114 1272 1310 1367 subjunxit,
1329 1297 1409 1369 quae
1429 1272 1565 1366 majore
1583 1271 1766 1373 diligentia

445 1423 551 1495 quam
563 1398 699 1491 jndicio
714 1401 750 1468 in
766 1399 1053 1470 Discussionibus
1066 1398 1310 1495 Peripateticis
1325 1395 1472 1467 collecta
1490 1410 1607 1472 erant.
1629 1405 1766 1470 Horum

445 1519 725 1619 fragmentorum
747 1521 899 1622 lanugo,
922 1546 1077 1622 quorum
1106 1545 1278 1595 numerus
1304 1526 1357 1595 LX
1388 1548 1462 1593 non
1481 1520 1633 1609 excedit,
1652 1543 1767 1617 quum

446 1647 600 1742 amplius
614 1649 675 1716 DC
696 1647 772 1718 baec
790 1665 911 1719 nostra
928 1648 1092 1720 collectio
1106 1647 1278 1744 praebeat,
1300 1648 1335 1716 in
1354 1644 1524 1716 omnibus
1540 1669 1621 1742 quae
1640 1657 1770 1716 secutae

448 1785 529 1840 sunt
549 1771 744 1842 Aristotelis
759 1797 911 1868 operum
925 1771 1143 1843 editionibus
1158 1795 1274 1866 usque.
1287 1769 1331 1840 ad
1344 1767 1592 1840 Duvallianam
1607 1767 1769 1838 ultimam

448 1919 480 1964 a.
515 1895 602 1982 1654
629 1898 775 1993 repetita
807 1912 872 1968 est.
902 1901 985 1966 Post
1017 1895 1174 1966 duorum
1205 1895 1279 1964 lere
1303 1893 1515 1963 saecnlorum
1544 1889 1770 1963 intervallum

448 2021 585 2114 primus
605 2021 839 2116 quaestionem
865 2020 911 2091 de
943 2019 1140 2090 Aristotelis
1168 2018 1269 2088 libris
1296 2015 1492 2114 deperditis
1519 2013 1772 2108 redintegravit

449 2140 610 2232 llulrlius,
636 2145 671 2211 in
698 2141 1030 2214 dissertationibust
1048 2142 1091 2211 de
1108 2141 1310 2212 Aristotelis
1338 2139 1506 2209 librorum
1519 2142 1584 2237 qui
1604 2137 1711 2235 vulgro
1736 2140 1773 2206 in

450 2261 636 2357 deperditis
658 2281 889 2335 numerantur
912 2263 963 2334 ael
988 2264 1097 2335 libros
1114 2268 1317 2361 strperstites
1348 2262 1556 2349 rationibus,
1581 2261 1712 2331 inserta
1735 2261 1772 2328 in

452 2391 696 2458 Commentatt.
716 2389 798 2461 hist.
821 2407 857 2460 et
864 2389 996 2486 philos.
1014 2388 1127 2460 Acad.
1153 2393 1320 2488 Gotting,
1341 2405 1368 2459 t,
1391 2394 1467 2474 XV,
1486 2385 1585 2458 etde
1599 2385 1772 2458 Distribu-

451 2513 544 2581 tione
562 2513 758 2584 Aristotelis
770 2513 936 2584 librorum
950 2518 989 2584 in
1004 2516 1200 2584 exotericas
1213 2529 1248 2582 et
1273 2514 1528 2583 aeroaoraticoa
1550 2510 1695 2605 ejusque
1709 2533 1774 2578 ra-

451 2635 603 2705 tionibus
618 2653 653 2704 et
670 2643 799 2724 camis,
820 2639 996 2734 Gotting,
1020 2637 1124 2734 1786,
1141 2638 1292 2733 repetita
1327 2639 1362 2706 in
1393 2633 1592 2705 Aristotelis
1621 2643 1773 2730 operum

452 2757 644 2829 editionea
663 2759 791 2831 Bublio
809 2760 990 2849 inchoata,
1008 2760 1143 2857 quibus
1157 2760 1261 2857 plura
1277 2775 1397 2830 tamen
1413 2757 1569 2828 turbavit
1594 2781 1705 2853 quarn
1730 2754 1775 2826 ad

453 2880 629 2976 liquidum
648 2883 828 2980 perduxit.
851 2884 1012 2954 Feliciori
1023 2884 1098 2977 jam
1117 2907 1284 2953 successu
1296 2896 1434 2978 partem
1450 2881 1659 2977 quaestionis
1673 2879 1775 2950 illus-

454 3007 561 3076 travit
579 3007 794 3100 Brandisius,
820 3034 840 3079 e
861 3009 964 3104 cujus
983 3007 1159 3078 indefesso
1176 3006 1300 3077 labore
1324 3021 1378 3077 tot
1396 3020 1520 3103 postea
1541 3005 1645 3075 bonas
1667 3005 1778 3102 frugis

454 3129 489 3197 in
521 3129 742 3201 Aristotelem
771 3131 1000 3221 redundavit,
1024 3133 1060 3202 in
1085 3129 1337 3201 dissertatione
1362 3154 1425 3198 sua
1456 3127 1657 3223 inaugurali
1687 3155 1695 3197 ε
1724 3135 1778 3198 De

451 3249 601 3344 perditis
624 3253 825 3322 Aristotelis
853 3254 955 3324 libris
981 3254 1024 3324 de
1053 3253 1150 3325 Ideis
1178 3270 1212 3324 et
1239 3253 1283 3324 de
1305 3259 1404 3324 Bono
1428 3255 1499 3323 sive
1526 3251 1774 3349 Philosophia,

458 3379 598 3461 Bonnae,
622 3399 654 3444 a.
683 3376 771 3446 1823
793 3376 900 3447 edita.
929 3379 1188 3448 Historicorum
1205 3375 1337 3460 deinde
1358 3375 1536 3447 librorum
1555 3376 1776 3472 fragmenta,

455 3511 536 3593 post
554 3500 638 3568 satis
667 3497 781 3569 levem
801 3502 1002 3570 Neumanni
1025 3525 1164 3589 curam,
1189 3498 1389 3571 Aristotelis
1407 3505 1537 3570 Iterum
1555 3498 1778 3595 publicarum

455 3619 624 3716 reliquiae,
645 3621 823 3712 Heidell).,
847 3625 949 3719 1829,
966 3625 1011 3693 cl.
1031 3623 1288 3694 Aristotelisde
1305 3623 1492 3719 Republica
1505 3622 1779 3693 Atheniensium

495 3812 538 3890 (1)
559 3812 628 3893 Ejus
642 3816 729 3874 verba
743 3818 877 3894 leguntur
889 3821 926 3876 ad
939 3820 1047 3877 calcem
1062 3819 1286 3896 fragmentorum
1300 3818 1330 3876 in
1343 3816 1471 3876 editione
1483 3815 1645 3874 Aristotelis
1658 3833 1780 3893 opernm

455 3910 587 3988 Lugduni
597 3913 673 3989 apud
686 3913 720 3974 G.
736 3914 903 3972 Laemarium
915 3935 938 3972 a.
959 3915 1043 3994 1599,
1056 3927 1085 3973 et
1100 3914 1202 3993 saepins
1215 3933 1369 3993 expressa:
1388 3914 1480 3971 «llaec
1494 3912 1558 3982 tibi,
1575 3913 1676 3981 lector,
1691 3910 1779 3975 libro-

455 4027 519 4064 rum
533 4007 691 4067 Aristotelis
704 4029 763 4066 non
777 4011 950 4069 exstantium
966 4013 1141 4090 fragmenta,
1157 4031 1248 4089 pauca
1262 4010 1313 4073 illa
1323 4009 1440 4088 quidem
1454 4011 1491 4067 de
1504 4008 1617 4078 multis,
1633 4028 1697 4086 qnae
1716 4007 1779 4086 pri-

455 4095 524 4162 dem¹
535 4105 662 4164 studiose
675 4107 796 4166 collecta
810 4121 839 4165 et
852 4111 1004 4167 emendata
1024 4109 1179 4177 habemus,
1203 4107 1311 4186 placuit
1332 4127 1408 4164 nunc
1428 4105 1488 4164 ὅσον
1500 4104 1628 4183 γεύματος
1638 4103 1716 4183 χάριν
1727 4125 1781 4162 ex·

456 4201 565 4272 hibere,
583 4202 721 4282 tantisper
734 4207 803 4263 dum
817 4205 901 4264 liceat
916 4226 968 4284 per
981 4206 1074 4264 otium
1087 4205 1185 4263 omnia
1198 4205 1281 4262 simul
1295 4205 1326 4262 in
1345 4223 1436 4262 unum
1449 4205 1611 4272 conducta,
1628 4201 1781 4260 emendata

456 4310 485 4354 et
497 4317 637 4358 conversa
657 4321 674 4358 a
694 4299 779 4359 nobis
798 4300 828 4359 in
848 4319 949 4360 eorum
968 4302 1090 4381 gratiam
1111 4301 1161 4379 qni
1182 4301 1226 4358 bis
1246 4300 1340 4378 epulis
1362 4300 1553 4370 delectantur,
1574 4297 1684 4376 publici
1706 4295 1782 4376 juris

458 4395 561 4454 lacere.
576 4397 647 4456 Nam
662 4397 788 4475 quiante
798 4417 850 4458 nos
864 4401 938 4458 hanc
953 4398 1135 4478 provinciam
1149 4409 1347 4475 susceperunt,
1362 4397 1403 4455 ita
1417 4390 1594 4474 negligenter
1606 4407 1635 4452 et
1648 4393 1782 4472 imperite

460 4493 548 4567 (qnod
562 4511 606 4550 res
621 4493 682 4572 ipsa
697 4493 774 4572 μόνον
789 4495 847 4572 οὐχὶ
861 4494 949 4574 φωνὴν
978 4497 1085 4572 ἀφιεῖσα
1099 4494 1229 4572 testatur)
1245 4512 1307 4551 eam
1328 4492 1534 4562 sustinuerunt,
1556 4504 1588 4550 ut
1608 4509 1668 4549 non
1687 4490 1783 4548 minus

458 4589 686 4666 reprehendendi
701 4593 862 4661 rideantur,
880 4593 959 4671 quod
973 4591 1091 4670 negotio
1112 4609 1142 4649 se
1155 4590 1372 4650 immiscuerunt
1392 4592 1471 4669 quod
1485 4609 1545 4646 non
1563 4587 1778 4676 intelligebant,

458 4705 544 4764 quarn
559 4686 704 4756 laudandi,
721 4691 799 4766 quod
814 4691 849 4747 de
863 4687 954 4748 literis
967 4689 1043 4746 bene
1056 4686 1160 4748 mereri
1174 4687 1328 4749 voluerint.
1346 4688 1402 4745 Sed
1417 4706 1471 4745 nos
1484 4687 1521 4743 de
1533 4685 1591 4744 illis
1605 4697 1712 4744 etcum
1726 4683 1782 4740 illis

459 4783 528 4840 alius
543 4783 656 4841 latente
670 4783 729 4841 Deo
743 4783 810 4862 Opt.
826 4787 901 4848 lllax.
918 4805 1034 4864 agemus
1048 4832 1054 4859 ,
1074 4798 1103 4844 et
1117 4785 1245 4863 egregias
1265 4784 1334 4843 istas
1358 4783 1555 4841 Discussiones
1577 4779 1783 4861 Peripateticas

459 4893 592 4940 accurate
606 4879 800 4941 discutiemus.
819 4905 832 4936 rr
