<?xml version="1.0" encoding="UTF-8"?>
<!DOCTYPE html PUBLIC "-//W3C//DTD XHTML 1.0 Transitional//EN"
    "http://www.w3.org/TR/xhtml1/DTD/xhtml1-transitional.dtd">
<html xmlns="http://www.w3.org/1999/xhtml" xml:lang="en" lang="en">
 <head>
  <title>
</title>
<meta http-equiv="Content-Type" content="text/html;charset=utf-8" />
  <meta name='ocr-system' content='tesseract 3.04.00' />
  <meta name='ocr-capabilities' content='ocr_page ocr_carea ocr_par ocr_line ocrx_word'/>
</head>
<body>
  <div class='ocr_page' id='page_1' title='image "aristotelisoper12arisgoog_0020.png"; bbox 0 0 4134 6134; ppageno 0'>
   <div class='ocr_carea' id='block_1_1' title="bbox 457 783 1214 858">
    <p class='ocr_par' dir='ltr' id='par_1_1' title="bbox 457 783 1214 858">
     <span class='ocr_line' id='line_1_1' title="bbox 457 783 1214 858; baseline -0.015 -1"><span class='ocrx_word' id='word_1_1' title='bbox 457 783 486 858; x_wconf 65' lang='grc' dir='ltr'><strong>ν’,</strong></span> <span class='ocrx_word' id='word_1_2' title='bbox 998 789 1214 846; x_wconf 75' lang='lat' dir='ltr'><strong>russiam.</strong></span> 
     </span>
    </p>
   </div>
   <div class='ocr_carea' id='block_1_2' title="bbox 456 903 1775 1018">
    <p class='ocr_par' dir='ltr' id='par_1_2' title="bbox 456 903 1775 1018">
     <span class='ocr_line' id='line_1_2' title="bbox 456 903 1775 1018; baseline -0.012 -16"><span class='ocrx_word' id='word_1_3' title='bbox 456 931 511 1002; x_wconf 92' lang='lat' dir='ltr'><strong>dis</strong></span> <span class='ocrx_word' id='word_1_4' title='bbox 533 926 727 1000; x_wconf 78' lang='lat' dir='ltr'><strong>Aristotelis</strong></span> <span class='ocrx_word' id='word_1_5' title='bbox 753 903 957 1018; x_wconf 70' lang='lat' dir='ltr'><strong>fragmentis</strong></span> <span class='ocrx_word' id='word_1_6' title='bbox 989 924 1101 993; x_wconf 84' lang='lat' dir='ltr'><strong>secuti</strong></span> <span class='ocrx_word' id='word_1_7' title='bbox 1129 922 1259 1009; x_wconf 90' lang='lat' dir='ltr'><strong>simus,</strong></span> <span class='ocrx_word' id='word_1_8' title='bbox 1288 918 1445 990; x_wconf 85' lang='lat' dir='ltr'><strong>breviter</strong></span> <span class='ocrx_word' id='word_1_9' title='bbox 1476 915 1687 1014; x_wconf 82' lang='lat' dir='ltr'><strong>exponenda</strong></span> <span class='ocrx_word' id='word_1_10' title='bbox 1720 929 1775 986; x_wconf 83' lang='lat' dir='ltr'><strong>est</strong></span> 
     </span>
    </p>
   </div>
   <div class='ocr_carea' id='block_1_3' title="bbox 455 1071 1777 1268">
    <p class='ocr_par' dir='ltr' id='par_1_3' title="bbox 455 1071 1777 1268">
     <span class='ocr_line' id='line_1_3' title="bbox 455 1071 560 1127; baseline -0.038 0"><span class='ocrx_word' id='word_1_11' title='bbox 455 1071 560 1127; x_wconf 79' lang='lat' dir='ltr'><strong>ratio.</strong></span> 
     </span>
     <span class='ocr_line' id='line_1_4' title="bbox 501 1148 1777 1268; baseline -0.011 -22"><span class='ocrx_word' id='word_1_12' title='bbox 501 1182 598 1248; x_wconf 84' lang='lat' dir='ltr'><strong>Inter</strong></span> <span class='ocrx_word' id='word_1_13' title='bbox 612 1197 736 1245; x_wconf 89' lang='lat' dir='ltr'><strong>omues</strong></span> <span class='ocrx_word' id='word_1_14' title='bbox 751 1174 813 1268; x_wconf 91' lang='lat' dir='ltr'><strong>qui</strong></span> <span class='ocrx_word' id='word_1_15' title='bbox 829 1172 864 1241; x_wconf 95' lang='lat' dir='ltr'><strong>in</strong></span> <span class='ocrx_word' id='word_1_16' title='bbox 883 1184 956 1240; x_wconf 87' lang='lat' dir='ltr'><strong>tota</strong></span> <span class='ocrx_word' id='word_1_17' title='bbox 977 1170 1190 1264; x_wconf 79' lang='lat' dir='ltr'><strong>antiquitate</strong></span> <span class='ocrx_word' id='word_1_18' title='bbox 1209 1165 1436 1237; x_wconf 79' lang='lat' dir='ltr'><strong>fecunditatis</strong></span> <span class='ocrx_word' id='word_1_19' title='bbox 1452 1148 1558 1236; x_wconf 81' lang='lat' dir='ltr'><strong>laude</strong></span> <span class='ocrx_word' id='word_1_20' title='bbox 1575 1163 1777 1234; x_wconf 86' lang='lat' dir='ltr'><strong>floruerunt</strong></span> 
     </span>
    </p>
   </div>
   <div class='ocr_carea' id='block_1_4' title="bbox 412 1287 1868 4974">
    <p class='ocr_par' dir='ltr' id='par_1_4' title="bbox 412 1287 1868 4974">
     <span class='ocr_line' id='line_1_5' title="bbox 455 1287 1777 1396; baseline -0.011 -25"><span class='ocrx_word' id='word_1_21' title='bbox 455 1301 656 1396; x_wconf 84' lang='lat' dir='ltr'><strong>scriptores,</strong></span> <span class='ocrx_word' id='word_1_22' title='bbox 676 1319 749 1366; x_wconf 92' lang='lat' dir='ltr'><strong>uon</strong></span> <span class='ocrx_word' id='word_1_23' title='bbox 763 1294 930 1364; x_wconf 89' lang='lat' dir='ltr'><strong>ultimum</strong></span> <span class='ocrx_word' id='word_1_24' title='bbox 946 1307 1043 1362; x_wconf 88' lang='lat' dir='ltr'><strong>certe</strong></span> <span class='ocrx_word' id='word_1_25' title='bbox 1059 1291 1180 1361; x_wconf 87' lang='lat' dir='ltr'><strong>locum</strong></span> <span class='ocrx_word' id='word_1_26' title='bbox 1203 1289 1343 1361; x_wconf 87' lang='lat' dir='ltr'><strong>obtinet</strong></span> <span class='ocrx_word' id='word_1_27' title='bbox 1363 1287 1577 1359; x_wconf 79' lang='lat' dir='ltr'><strong>Aristoteles.</strong></span> <span class='ocrx_word' id='word_1_28' title='bbox 1598 1292 1777 1357; x_wconf 87' lang='lat' dir='ltr'><strong>Numerus</strong></span> 
     </span>
     <span class='ocr_line' id='line_1_6' title="bbox 453 1412 1776 1515; baseline -0.011 -21"><span class='ocrx_word' id='word_1_29' title='bbox 453 1423 634 1498; x_wconf 84' lang='lat' dir='ltr'><strong>librorum</strong></span> <span class='ocrx_word' id='word_1_30' title='bbox 658 1443 751 1515; x_wconf 93' lang='lat' dir='ltr'><strong>quos</strong></span> <span class='ocrx_word' id='word_1_31' title='bbox 786 1417 1037 1511; x_wconf 83' lang='lat' dir='ltr'><strong>conscripsisse</strong></span> <span class='ocrx_word' id='word_1_32' title='bbox 1070 1412 1214 1501; x_wconf 91' lang='lat' dir='ltr'><strong>dicitur,</strong></span> <span class='ocrx_word' id='word_1_33' title='bbox 1249 1414 1345 1485; x_wconf 83' lang='lat' dir='ltr'><strong>varie</strong></span> <span class='ocrx_word' id='word_1_34' title='bbox 1368 1412 1548 1483; x_wconf 90' lang='lat' dir='ltr'><strong>indicatus</strong></span> <span class='ocrx_word' id='word_1_35' title='bbox 1572 1426 1637 1481; x_wconf 89' lang='lat' dir='ltr'><strong>est.</strong></span> <span class='ocrx_word' id='word_1_36' title='bbox 1655 1415 1776 1497; x_wconf 89' lang='lat' dir='ltr'><strong>Quum</strong></span> 
     </span>
     <span class='ocr_line' id='line_1_7' title="bbox 456 1539 1776 1638; baseline -0.011 -21"><span class='ocrx_word' id='word_1_37' title='bbox 456 1547 551 1617; x_wconf 93' lang='lat' dir='ltr'><strong>enim</strong></span> <span class='ocrx_word' id='word_1_38' title='bbox 570 1546 743 1638; x_wconf 85' lang='lat' dir='ltr'><strong>Diogenes</strong></span> <span class='ocrx_word' id='word_1_39' title='bbox 760 1543 933 1627; x_wconf 83' lang='lat' dir='ltr'><strong>laertius,</strong></span> <span class='ocrx_word' id='word_1_40' title='bbox 954 1544 995 1626; x_wconf 90' lang='lat' dir='ltr'><strong>V,</strong></span> <span class='ocrx_word' id='word_1_41' title='bbox 1015 1539 1058 1625; x_wconf 70' lang='grc'><strong>34</strong></span> <span class='ocrx_word' id='word_1_42' title='bbox 1078 1566 1086 1608; x_wconf 75' lang='lat'>2</span> <span class='ocrx_word' id='word_1_43' title='bbox 1107 1540 1365 1635; x_wconf 82' lang='grc' dir='ltr'>(Συγγράμματα)</span> <span class='ocrx_word' id='word_1_44' title='bbox 1390 1543 1442 1608; x_wconf 79' lang='grc' dir='ltr'>τὸν</span> <span class='ocrx_word' id='word_1_45' title='bbox 1458 1540 1580 1632; x_wconf 78' lang='grc' dir='ltr'>ἀριθμὸν</span> <span class='ocrx_word' id='word_1_46' title='bbox 1604 1541 1691 1631; x_wconf 72' lang='grc' dir='ltr'>ἐγγὺς</span> <span class='ocrx_word' id='word_1_47' title='bbox 1708 1545 1776 1614; x_wconf 84' lang='grc' dir='ltr'>ἤιιει</span> 
     </span>
     <span class='ocr_line' id='line_1_8' title="bbox 455 1660 1778 1764; baseline -0.009 -24"><span class='ocrx_word' id='word_1_48' title='bbox 455 1683 516 1740; x_wconf 80' lang='grc' dir='ltr'>τῶν</span> <span class='ocrx_word' id='word_1_49' title='bbox 532 1669 745 1764; x_wconf 74' lang='grc' dir='ltr'>τετρακοσίων,</span> <span class='ocrx_word' id='word_1_50' title='bbox 767 1665 808 1733; x_wconf 80' lang='grc' dir='ltr'><strong>τὰ</strong></span> <span class='ocrx_word' id='word_1_51' title='bbox 832 1671 945 1759; x_wconf 86' lang='grc' dir='ltr'>ὅσαγε</span> <span class='ocrx_word' id='word_1_52' title='bbox 969 1666 1199 1759; x_wconf 78' lang='grc' dir='ltr'>ἀναμφίλεκτα·</span> <span class='ocrx_word' id='word_1_53' title='bbox 1219 1664 1320 1732; x_wconf 73' lang='grc' dir='ltr'>πολλὰ</span> <span class='ocrx_word' id='word_1_54' title='bbox 1342 1663 1398 1758; x_wconf 77' lang='grc' dir='ltr'><strong>γὰρ</strong></span> <span class='ocrx_word' id='word_1_55' title='bbox 1423 1664 1475 1730; x_wconf 84' lang='grc' dir='ltr'><strong>καὶ</strong></span> <span class='ocrx_word' id='word_1_56' title='bbox 1505 1660 1589 1730; x_wconf 78' lang='grc' dir='ltr'>ἄλλα</span> <span class='ocrx_word' id='word_1_57' title='bbox 1615 1663 1656 1740; x_wconf 80' lang='grc' dir='ltr'><strong>εἰς</strong></span> <span class='ocrx_word' id='word_1_58' title='bbox 1687 1663 1778 1729; x_wconf 78' lang='grc' dir='ltr'>αὐτὸν</span> 
     </span>
     <span class='ocr_line' id='line_1_9' title="bbox 456 1788 1778 1888; baseline -0.01 -25"><span class='ocrx_word' id='word_1_59' title='bbox 456 1799 633 1888; x_wconf 81' lang='grc' dir='ltr'>ἀναφέρεται</span> <span class='ocrx_word' id='word_1_60' title='bbox 648 1788 858 1885; x_wconf 78' lang='grc' dir='ltr'>συγγράμματ’</span> <span class='ocrx_word' id='word_1_61' title='bbox 875 1795 965 1856; x_wconf 78' lang='grc' dir='ltr'>αὐτοῦ</span> <span class='ocrx_word' id='word_1_62' title='bbox 976 1789 1031 1856; x_wconf 80' lang='grc' dir='ltr'><strong>καὶ</strong></span> <span class='ocrx_word' id='word_1_63' title='bbox 1044 1791 1278 1883; x_wconf 80' lang='grc' dir='ltr'>ἀποφθέγματα,</span> <span class='ocrx_word' id='word_1_64' title='bbox 1294 1789 1427 1881; x_wconf 75' lang='grc' dir='ltr'>ἀγράφου</span> <span class='ocrx_word' id='word_1_65' title='bbox 1443 1797 1543 1879; x_wconf 83' lang='grc' dir='ltr'>ρυνῆς</span> <span class='ocrx_word' id='word_1_66' title='bbox 1561 1789 1778 1881; x_wconf 66' lang='grc' dir='ltr'>εὐστοχήματα</span> 
     </span>
     <span class='ocr_line' id='line_1_10' title="bbox 457 1907 1777 2007; baseline -0.007 -21"><span class='ocrx_word' id='word_1_67' title='bbox 457 1935 491 1989; x_wconf 85' lang='lat' dir='ltr'><strong>et</strong></span> <span class='ocrx_word' id='word_1_68' title='bbox 506 1923 635 1986; x_wconf 71' lang='lat' dir='ltr'><strong>Auctor</strong></span> <span class='ocrx_word' id='word_1_69' title='bbox 651 1935 850 2006; x_wconf 74' lang='lat' dir='ltr'><strong>anonymus</strong></span> <span class='ocrx_word' id='word_1_70' title='bbox 865 1912 951 1981; x_wconf 86' lang='lat' dir='ltr'><strong>Vitae</strong></span> <span class='ocrx_word' id='word_1_71' title='bbox 966 1934 986 1980; x_wconf 90' lang='lat' dir='ltr'><strong>a</strong></span> <span class='ocrx_word' id='word_1_72' title='bbox 1002 1911 1164 2005; x_wconf 85' lang='lat' dir='ltr'><strong>Menagio</strong></span> <span class='ocrx_word' id='word_1_73' title='bbox 1176 1912 1333 2007; x_wconf 90' lang='lat' dir='ltr'><strong>primum</strong></span> <span class='ocrx_word' id='word_1_74' title='bbox 1344 1908 1461 1998; x_wconf 79' lang='lat' dir='ltr'><strong>editae,</strong></span> <span class='ocrx_word' id='word_1_75' title='bbox 1481 1907 1527 1978; x_wconf 89' lang='lat' dir='ltr'><strong>ad</strong></span> <span class='ocrx_word' id='word_1_76' title='bbox 1539 1908 1674 1979; x_wconf 85' lang='lat' dir='ltr'><strong>calcem</strong></span> <span class='ocrx_word' id='word_1_77' title='bbox 1691 1908 1777 1978; x_wconf 90' lang='lat' dir='ltr'><strong>Dio-</strong></span> 
     </span>
     <span class='ocr_line' id='line_1_11' title="bbox 456 2014 1779 2134; baseline -0.006 -24"><span class='ocrx_word' id='word_1_78' title='bbox 456 2040 552 2134; x_wconf 84' lang='lat' dir='ltr'><strong>genis</strong></span> <span class='ocrx_word' id='word_1_79' title='bbox 566 2036 707 2122; x_wconf 74' lang='lat' dir='ltr'><strong>tenui,</strong></span> <span class='ocrx_word' id='word_1_80' title='bbox 729 2035 787 2104; x_wconf 90' lang='lat' dir='ltr'><strong>ed.</strong></span> <span class='ocrx_word' id='word_1_81' title='bbox 806 2033 928 2120; x_wconf 89' lang='lat' dir='ltr'><strong>Didut,</strong></span> <span class='ocrx_word' id='word_1_82' title='bbox 945 2059 982 2130; x_wconf 85' lang='lat' dir='ltr'><strong>p.</strong></span> <span class='ocrx_word' id='word_1_83' title='bbox 1012 2033 1066 2119; x_wconf 79' lang='lat'><strong>13,</strong></span> <span class='ocrx_word' id='word_1_84' title='bbox 1089 2059 1107 2128; x_wconf 76' lang='grc' dir='ltr'>ρ</span> <span class='ocrx_word' id='word_1_85' title='bbox 1134 2059 1142 2099; x_wconf 78' lang='lat' dir='ltr'>z</span> <span class='ocrx_word' id='word_1_86' title='bbox 1167 2033 1336 2129; x_wconf 76' lang='grc' dir='ltr'>Συνέγραψε</span> <span class='ocrx_word' id='word_1_87' title='bbox 1355 2031 1461 2120; x_wconf 64' lang='lat' dir='ltr'><strong>dadila</strong></span> <span class='ocrx_word' id='word_1_88' title='bbox 1477 2037 1563 2126; x_wconf 83' lang='grc' dir='ltr'>ἐγγὺς</span> <span class='ocrx_word' id='word_1_89' title='bbox 1583 2030 1624 2118; x_wconf 81' lang='lat' dir='ltr'><strong>s&#39;,</strong></span> <span class='ocrx_word' id='word_1_90' title='bbox 1641 2014 1691 2102; x_wconf 60' lang='lat' dir='ltr'><strong>&gt;de</strong></span> <span class='ocrx_word' id='word_1_91' title='bbox 1710 2031 1779 2102; x_wconf 92' lang='lat' dir='ltr'><strong>hac</strong></span> 
     </span>
     <span class='ocr_line' id='line_1_12' title="bbox 457 2154 1778 2252; baseline -0.005 -21"><span class='ocrx_word' id='word_1_92' title='bbox 457 2161 747 2243; x_wconf 73' lang='lat' dir='ltr'><strong>recensendum,</strong></span> <span class='ocrx_word' id='word_1_93' title='bbox 761 2157 864 2252; x_wconf 82' lang='lat' dir='ltr'><strong>longe</strong></span> <span class='ocrx_word' id='word_1_94' title='bbox 876 2157 979 2226; x_wconf 89' lang='lat' dir='ltr'><strong>aliter</strong></span> <span class='ocrx_word' id='word_1_95' title='bbox 994 2181 1031 2226; x_wconf 89' lang='lat' dir='ltr'><strong>se</strong></span> <span class='ocrx_word' id='word_1_96' title='bbox 1045 2155 1191 2241; x_wconf 88' lang='lat' dir='ltr'><strong>hahent,</strong></span> <span class='ocrx_word' id='word_1_97' title='bbox 1208 2181 1288 2251; x_wconf 82' lang='lat' dir='ltr'><strong>quae</strong></span> <span class='ocrx_word' id='word_1_98' title='bbox 1302 2156 1399 2251; x_wconf 90' lang='lat' dir='ltr'><strong>apud</strong></span> <span class='ocrx_word' id='word_1_99' title='bbox 1413 2170 1570 2226; x_wconf 85' lang='lat' dir='ltr'><strong>veterem</strong></span> <span class='ocrx_word' id='word_1_100' title='bbox 1582 2154 1778 2252; x_wconf 90' lang='lat' dir='ltr'><strong>quemdam</strong></span> 
     </span>
     <span class='ocr_line' id='line_1_13' title="bbox 457 2279 1775 2380; baseline -0.003 -28"><span class='ocrx_word' id='word_1_101' title='bbox 457 2281 664 2380; x_wconf 81' lang='lat' dir='ltr'><strong>philosophi</strong></span> <span class='ocrx_word' id='word_1_102' title='bbox 689 2283 920 2378; x_wconf 85' lang='lat' dir='ltr'><strong>interpretem</strong></span> <span class='ocrx_word' id='word_1_103' title='bbox 946 2279 1128 2376; x_wconf 82' lang='lat' dir='ltr'><strong>leguntur,</strong></span> <span class='ocrx_word' id='word_1_104' title='bbox 1151 2280 1213 2375; x_wconf 93' lang='lat' dir='ltr'><strong>qui</strong></span> <span class='ocrx_word' id='word_1_105' title='bbox 1242 2280 1307 2349; x_wconf 87' lang='lat' dir='ltr'><strong>etsi</strong></span> <span class='ocrx_word' id='word_1_106' title='bbox 1325 2280 1401 2376; x_wconf 88' lang='lat' dir='ltr'><strong>ipse</strong></span> <span class='ocrx_word' id='word_1_107' title='bbox 1428 2282 1573 2350; x_wconf 86' lang='lat' dir='ltr'><strong>Graecus</strong></span> <span class='ocrx_word' id='word_1_108' title='bbox 1591 2303 1665 2350; x_wconf 90' lang='lat' dir='ltr'><strong>nou</strong></span> <span class='ocrx_word' id='word_1_109' title='bbox 1689 2279 1775 2364; x_wconf 89' lang='lat' dir='ltr'><strong>fuit,</strong></span> 
     </span>
     <span class='ocr_line' id='line_1_14' title="bbox 458 2391 1775 2502; baseline -0.001 -28"><span class='ocrx_word' id='word_1_110' title='bbox 458 2423 576 2476; x_wconf 77' lang='lat' dir='ltr'><strong>tarraen</strong></span> <span class='ocrx_word' id='word_1_111' title='bbox 591 2431 653 2475; x_wconf 89' lang='lat' dir='ltr'><strong>sua</strong></span> <span class='ocrx_word' id='word_1_112' title='bbox 662 2391 834 2502; x_wconf 85' lang='lat' dir='ltr'><strong>pleraque</strong></span> <span class='ocrx_word' id='word_1_113' title='bbox 846 2405 966 2500; x_wconf 83' lang='lat' dir='ltr'><strong>graecis</strong></span> <span class='ocrx_word' id='word_1_114' title='bbox 977 2402 1266 2475; x_wconf 86' lang='lat' dir='ltr'><strong>lontibusdebet.</strong></span> <span class='ocrx_word' id='word_1_115' title='bbox 1279 2409 1330 2473; x_wconf 85' lang='lat' dir='ltr'><strong>lta</strong></span> <span class='ocrx_word' id='word_1_116' title='bbox 1342 2403 1570 2499; x_wconf 81' lang='lat' dir='ltr'><strong>igiturDavid</strong></span> <span class='ocrx_word' id='word_1_117' title='bbox 1585 2404 1621 2474; x_wconf 88' lang='lat' dir='ltr'><strong>in</strong></span> <span class='ocrx_word' id='word_1_118' title='bbox 1634 2405 1775 2474; x_wconf 76' lang='lat' dir='ltr'><strong>Aristot.</strong></span> 
     </span>
     <span class='ocr_line' id='line_1_15' title="bbox 456 2511 1779 2626; baseline -0.003 -26"><span class='ocrx_word' id='word_1_119' title='bbox 456 2516 592 2624; x_wconf 75' lang='lat' dir='ltr'><strong>(lateg.,</strong></span> <span class='ocrx_word' id='word_1_120' title='bbox 613 2555 650 2626; x_wconf 94' lang='lat' dir='ltr'><strong>p.</strong></span> <span class='ocrx_word' id='word_1_121' title='bbox 669 2555 729 2617; x_wconf 73' lang='lat' dir='ltr'><strong>sa,</strong></span> <span class='ocrx_word' id='word_1_122' title='bbox 759 2534 798 2614; x_wconf 79' lang='lat' dir='ltr'><strong>A,</strong></span> <span class='ocrx_word' id='word_1_123' title='bbox 826 2553 880 2616; x_wconf 84' lang='lat'><strong>11,</strong></span> <span class='ocrx_word' id='word_1_124' title='bbox 901 2527 1070 2598; x_wconf 87' lang='lat' dir='ltr'><strong>Brandis:</strong></span> <span class='ocrx_word' id='word_1_125' title='bbox 1091 2533 1158 2598; x_wconf 88' lang='grc' dir='ltr'>Τῶν</span> <span class='ocrx_word' id='word_1_126' title='bbox 1182 2511 1423 2623; x_wconf 62' lang='grc' dir='ltr'>Ἀριστοτελικῶν</span> <span class='ocrx_word' id='word_1_127' title='bbox 1442 2532 1686 2625; x_wconf 73' lang='grc' dir='ltr'>συγγραμμάτων</span> <span class='ocrx_word' id='word_1_128' title='bbox 1700 2538 1779 2597; x_wconf 76' lang='grc' dir='ltr'>πολ·</span> 
     </span>
     <span class='ocr_line' id='line_1_16' title="bbox 456 2649 1780 2748; baseline -0.003 -26"><span class='ocrx_word' id='word_1_129' title='bbox 456 2665 518 2722; x_wconf 79' lang='grc' dir='ltr'>λῶν</span> <span class='ocrx_word' id='word_1_130' title='bbox 539 2659 644 2739; x_wconf 81' lang='grc' dir='ltr'>ὄντων,</span> <span class='ocrx_word' id='word_1_131' title='bbox 663 2655 771 2747; x_wconf 80' lang='grc' dir='ltr'>χιλίων</span> <span class='ocrx_word' id='word_1_132' title='bbox 784 2657 835 2722; x_wconf 82' lang='grc' dir='ltr'>τον</span> <span class='ocrx_word' id='word_1_133' title='bbox 849 2655 985 2747; x_wconf 68' lang='grc' dir='ltr'>ἀριθμόν,</span> <span class='ocrx_word' id='word_1_134' title='bbox 1006 2658 1045 2731; x_wconf 86' lang='grc' dir='ltr'><strong>ὥς</strong></span> <span class='ocrx_word' id='word_1_135' title='bbox 1062 2679 1132 2745; x_wconf 86' lang='grc' dir='ltr'>ρασι</span> <span class='ocrx_word' id='word_1_136' title='bbox 1148 2655 1342 2748; x_wconf 82' lang='grc' dir='ltr'>Πτολεμαῖος</span> <span class='ocrx_word' id='word_1_137' title='bbox 1355 2660 1371 2720; x_wconf 80' lang='grc' dir='ltr'><strong>ὁ</strong></span> <span class='ocrx_word' id='word_1_138' title='bbox 1383 2649 1594 2746; x_wconf 75' lang='grc' dir='ltr'>Φιλάδιλρος,</span> <span class='ocrx_word' id='word_1_139' title='bbox 1609 2655 1780 2748; x_wconf 73' lang='grc' dir='ltr'>ἀναγραφὴν</span> 
     </span>
     <span class='ocr_line' id='line_1_17' title="bbox 457 2774 1777 2872; baseline 0 -28"><span class='ocrx_word' id='word_1_140' title='bbox 457 2785 557 2846; x_wconf 84' lang='grc' dir='ltr'>αὐτῶν</span> <span class='ocrx_word' id='word_1_141' title='bbox 573 2779 773 2868; x_wconf 76' lang='grc' dir='ltr'>ποιησάμενος</span> <span class='ocrx_word' id='word_1_142' title='bbox 787 2779 839 2844; x_wconf 82' lang='grc' dir='ltr'><strong>καὶ</strong></span> <span class='ocrx_word' id='word_1_143' title='bbox 856 2779 909 2844; x_wconf 87' lang='grc' dir='ltr'>τὸν</span> <span class='ocrx_word' id='word_1_144' title='bbox 929 2779 993 2864; x_wconf 85' lang='grc' dir='ltr'>βίον</span> <span class='ocrx_word' id='word_1_145' title='bbox 1010 2783 1102 2844; x_wconf 83' lang='grc' dir='ltr'>αὐτοῦ</span> <span class='ocrx_word' id='word_1_146' title='bbox 1115 2804 1167 2844; x_wconf 87' lang='grc' dir='ltr'><strong>και</strong></span> <span class='ocrx_word' id='word_1_147' title='bbox 1180 2785 1234 2852; x_wconf 66' lang='grc' dir='ltr'>τὴν</span> <span class='ocrx_word' id='word_1_148' title='bbox 1245 2774 1380 2846; x_wconf 75' lang='grc' dir='ltr'>διάθεσιν</span> <span class='ocrx_word' id='word_1_149' title='bbox 1393 2791 1429 2847; x_wconf 84' lang='lat' dir='ltr'><strong>ct</strong></span> <span class='ocrx_word' id='word_1_150' title='bbox 1442 2799 1566 2846; x_wconf 84' lang='lat' dir='ltr'><strong>rursus</strong></span> <span class='ocrx_word' id='word_1_151' title='bbox 1582 2774 1642 2860; x_wconf 89' lang='lat' dir='ltr'><strong>ib.,</strong></span> <span class='ocrx_word' id='word_1_152' title='bbox 1660 2801 1698 2872; x_wconf 91' lang='lat' dir='ltr'><strong>p.</strong></span> <span class='ocrx_word' id='word_1_153' title='bbox 1712 2780 1777 2863; x_wconf 67' lang='lat' dir='ltr'><strong>ad,</strong></span> 
     </span>
     <span class='ocr_line' id='line_1_18' title="bbox 459 2883 1778 2998; baseline -0.002 -27"><span class='ocrx_word' id='word_1_154' title='bbox 459 2905 498 2981; x_wconf 84' lang='grc' dir='ltr'><strong>Α,</strong></span> <span class='ocrx_word' id='word_1_155' title='bbox 520 2926 562 2996; x_wconf 83' lang='lat'><strong>19</strong></span> <span class='ocrx_word' id='word_1_156' title='bbox 579 2904 670 2970; x_wconf 72' lang='grc' dir='ltr'>ιΤῶν</span> <span class='ocrx_word' id='word_1_157' title='bbox 684 2903 926 2996; x_wconf 76' lang='grc' dir='ltr'>Ἀριστοτελικῶν</span> <span class='ocrx_word' id='word_1_158' title='bbox 940 2904 1186 2998; x_wconf 72' lang='grc' dir='ltr'>συγγραμμάτων</span> <span class='ocrx_word' id='word_1_159' title='bbox 1200 2903 1308 2998; x_wconf 58' lang='grc' dir='ltr'>χιλίων</span> <span class='ocrx_word' id='word_1_160' title='bbox 1327 2903 1422 2970; x_wconf 80' lang='grc' dir='ltr'>ὅντων</span> <span class='ocrx_word' id='word_1_161' title='bbox 1439 2904 1493 2970; x_wconf 82' lang='grc' dir='ltr'>τὸν</span> <span class='ocrx_word' id='word_1_162' title='bbox 1510 2902 1645 2995; x_wconf 80' lang='grc' dir='ltr'>ἀριθμόν,</span> <span class='ocrx_word' id='word_1_163' title='bbox 1662 2907 1702 2981; x_wconf 84' lang='grc' dir='ltr'><strong>ὡς</strong></span> <span class='ocrx_word' id='word_1_164' title='bbox 1719 2883 1778 2969; x_wconf 71' lang='grc' dir='ltr'>Ἀν-</span> 
     </span>
     <span class='ocr_line' id='line_1_19' title="bbox 456 3020 1780 3124; baseline 0.001 -31"><span class='ocrx_word' id='word_1_165' title='bbox 456 3023 588 3120; x_wconf 81' lang='grc' dir='ltr'>δρόνυιος</span> <span class='ocrx_word' id='word_1_166' title='bbox 617 3020 840 3120; x_wconf 80' lang='grc' dir='ltr'>παραδίδωσιν.</span> <span class='ocrx_word' id='word_1_167' title='bbox 870 3025 1101 3096; x_wconf 84' lang='lat' dir='ltr'><strong>Ptolcmaeum</strong></span> <span class='ocrx_word' id='word_1_168' title='bbox 1130 3027 1194 3121; x_wconf 92' lang='lat' dir='ltr'><strong>qui</strong></span> <span class='ocrx_word' id='word_1_169' title='bbox 1223 3025 1478 3124; x_wconf 87' lang='lat' dir='ltr'><strong>Philadelphus</strong></span> <span class='ocrx_word' id='word_1_170' title='bbox 1505 3027 1780 3120; x_wconf 84' lang='lat' dir='ltr'><strong>cognominatus</strong></span> 
     </span>
     <span class='ocr_line' id='line_1_20' title="bbox 456 3125 1783 3244; baseline 0.002 -28"><span class='ocrx_word' id='word_1_171' title='bbox 456 3161 523 3236; x_wconf 88' lang='lat' dir='ltr'><strong>est,</strong></span> <span class='ocrx_word' id='word_1_172' title='bbox 545 3145 591 3216; x_wconf 89' lang='lat' dir='ltr'><strong>de</strong></span> <span class='ocrx_word' id='word_1_173' title='bbox 610 3146 712 3241; x_wconf 88' lang='lat' dir='ltr'><strong>cujus</strong></span> <span class='ocrx_word' id='word_1_174' title='bbox 730 3147 876 3218; x_wconf 90' lang='lat' dir='ltr'><strong>incauto</strong></span> <span class='ocrx_word' id='word_1_175' title='bbox 889 3125 1025 3217; x_wconf 72' lang='lat' dir='ltr'><strong>¹ardore</strong></span> <span class='ocrx_word' id='word_1_176' title='bbox 1041 3171 1116 3242; x_wconf 91' lang='lat' dir='ltr'><strong>quo</strong></span> <span class='ocrx_word' id='word_1_177' title='bbox 1133 3147 1327 3219; x_wconf 81' lang='lat' dir='ltr'><strong>Aristotelis</strong></span> <span class='ocrx_word' id='word_1_178' title='bbox 1340 3147 1649 3244; x_wconf 83' lang='lat' dir='ltr'><strong>Theophrastique</strong></span> <span class='ocrx_word' id='word_1_179' title='bbox 1667 3147 1783 3218; x_wconf 90' lang='lat' dir='ltr'><strong>lihros</strong></span> 
     </span>
     <span class='ocr_line' id='line_1_21' title="bbox 456 3269 1783 3366; baseline 0.003 -28"><span class='ocrx_word' id='word_1_180' title='bbox 456 3282 639 3338; x_wconf 85' lang='lat' dir='ltr'><strong>coemerat</strong></span> <span class='ocrx_word' id='word_1_181' title='bbox 654 3284 741 3339; x_wconf 89' lang='lat' dir='ltr'><strong>nota</strong></span> <span class='ocrx_word' id='word_1_182' title='bbox 755 3286 837 3339; x_wconf 90' lang='lat' dir='ltr'><strong>sunt</strong></span> <span class='ocrx_word' id='word_1_183' title='bbox 857 3293 937 3364; x_wconf 87' lang='lat' dir='ltr'><strong>quae</strong></span> <span class='ocrx_word' id='word_1_184' title='bbox 962 3293 1046 3340; x_wconf 91' lang='lat' dir='ltr'><strong>cum</strong></span> <span class='ocrx_word' id='word_1_185' title='bbox 1069 3269 1167 3366; x_wconf 89' lang='lat' dir='ltr'><strong>apud</strong></span> <span class='ocrx_word' id='word_1_186' title='bbox 1184 3271 1360 3340; x_wconf 88' lang='lat' dir='ltr'><strong>Galenum</strong></span> <span class='ocrx_word' id='word_1_187' title='bbox 1379 3273 1415 3341; x_wconf 93' lang='lat' dir='ltr'><strong>in</strong></span> <span class='ocrx_word' id='word_1_188' title='bbox 1446 3274 1649 3341; x_wconf 84' lang='lat' dir='ltr'><strong>Conrment.</strong></span> <span class='ocrx_word' id='word_1_189' title='bbox 1680 3276 1710 3342; x_wconf 87' lang='lat' dir='ltr'><strong>ll</strong></span> <span class='ocrx_word' id='word_1_190' title='bbox 1734 3272 1783 3342; x_wconf 93' lang='lat' dir='ltr'><strong>de</strong></span> 
     </span>
     <span class='ocr_line' id='line_1_22' title="bbox 460 3389 1777 3491; baseline 0.005 -31"><span class='ocrx_word' id='word_1_191' title='bbox 460 3395 593 3462; x_wconf 84' lang='lat' dir='ltr'><strong>Natura</strong></span> <span class='ocrx_word' id='word_1_192' title='bbox 608 3389 723 3476; x_wconf 83' lang='lat' dir='ltr'><strong>hum,</strong></span> <span class='ocrx_word' id='word_1_193' title='bbox 743 3417 779 3488; x_wconf 91' lang='lat' dir='ltr'><strong>p.</strong></span> <span class='ocrx_word' id='word_1_194' title='bbox 804 3397 885 3478; x_wconf 81' lang='lat'><strong>128,</strong></span> <span class='ocrx_word' id='word_1_195' title='bbox 907 3407 985 3462; x_wconf 92' lang='lat' dir='ltr'><strong>tum</strong></span> <span class='ocrx_word' id='word_1_196' title='bbox 1005 3393 1102 3489; x_wconf 87' lang='lat' dir='ltr'><strong>apud</strong></span> <span class='ocrx_word' id='word_1_197' title='bbox 1129 3395 1358 3464; x_wconf 80' lang='lat' dir='ltr'><strong>Ammonium</strong></span> <span class='ocrx_word' id='word_1_198' title='bbox 1376 3399 1516 3465; x_wconf 88' lang='lat' dir='ltr'><strong>Comm.</strong></span> <span class='ocrx_word' id='word_1_199' title='bbox 1537 3396 1573 3464; x_wconf 91' lang='lat' dir='ltr'><strong>iu</strong></span> <span class='ocrx_word' id='word_1_200' title='bbox 1594 3397 1777 3491; x_wconf 55' lang='lat' dir='ltr'><strong>Cetegor„</strong></span> 
     </span>
     <span class='ocr_line' id='line_1_23' title="bbox 459 3514 1781 3616; baseline 0.005 -33"><span class='ocrx_word' id='word_1_201' title='bbox 459 3540 496 3611; x_wconf 92' lang='lat' dir='ltr'><strong>p.</strong></span> <span class='ocrx_word' id='word_1_202' title='bbox 525 3518 585 3602; x_wconf 82' lang='lat' dir='ltr'><strong>a8,</strong></span> <span class='ocrx_word' id='word_1_203' title='bbox 606 3518 647 3602; x_wconf 86' lang='grc' dir='ltr'><strong>Α,</strong></span> <span class='ocrx_word' id='word_1_204' title='bbox 666 3515 724 3601; x_wconf 73' lang='grc'><strong>43,</strong></span> <span class='ocrx_word' id='word_1_205' title='bbox 746 3514 892 3606; x_wconf 74' lang='lat' dir='ltr'><strong>arana,</strong></span> <span class='ocrx_word' id='word_1_206' title='bbox 908 3515 1080 3586; x_wconf 86' lang='lat' dir='ltr'><strong>Davidem</strong></span> <span class='ocrx_word' id='word_1_207' title='bbox 1099 3515 1148 3586; x_wconf 93' lang='lat' dir='ltr'><strong>ib.</strong></span> <span class='ocrx_word' id='word_1_208' title='bbox 1177 3522 1231 3604; x_wconf 69' lang='lat'><strong>14,</strong></span> <span class='ocrx_word' id='word_1_209' title='bbox 1248 3517 1469 3616; x_wconf 89' lang='lat' dir='ltr'><strong>Simplicium</strong></span> <span class='ocrx_word' id='word_1_210' title='bbox 1483 3543 1519 3614; x_wconf 81' lang='lat' dir='ltr'><strong>p.</strong></span> <span class='ocrx_word' id='word_1_211' title='bbox 1543 3545 1577 3603; x_wconf 83' lang='lat'><strong>2,</strong></span> <span class='ocrx_word' id='word_1_212' title='bbox 1595 3525 1781 3589; x_wconf 77' lang='lat' dir='ltr'><strong>Enarran</strong></span> 
     </span>
     <span class='ocr_line' id='line_1_24' title="bbox 412 3635 1785 3736; baseline 0.004 -31"><span class='ocrx_word' id='word_1_213' title='bbox 412 3635 415 3642; x_wconf 85' lang='grc'><strong>’</strong></span> <span class='ocrx_word' id='word_1_214' title='bbox 459 3653 531 3722; x_wconf 89' lang='lat' dir='ltr'><strong>tur,</strong></span> <span class='ocrx_word' id='word_1_215' title='bbox 552 3635 597 3706; x_wconf 90' lang='lat' dir='ltr'><strong>de</strong></span> <span class='ocrx_word' id='word_1_216' title='bbox 619 3635 815 3706; x_wconf 79' lang='lat' dir='ltr'><strong>aristotelis</strong></span> <span class='ocrx_word' id='word_1_217' title='bbox 830 3638 904 3707; x_wconf 83' lang='lat' dir='ltr'><strong>vita</strong></span> <span class='ocrx_word' id='word_1_218' title='bbox 922 3653 959 3708; x_wconf 86' lang='lat' dir='ltr'><strong>ct</strong></span> <span class='ocrx_word' id='word_1_219' title='bbox 973 3639 1115 3735; x_wconf 90' lang='lat' dir='ltr'><strong>scriptis</strong></span> <span class='ocrx_word' id='word_1_220' title='bbox 1133 3641 1411 3710; x_wconf 82' lang='lat' dir='ltr'><strong>commentarios</strong></span> <span class='ocrx_word' id='word_1_221' title='bbox 1428 3637 1633 3736; x_wconf 78' lang='lat' dir='ltr'><strong>reliquisse,</strong></span> <span class='ocrx_word' id='word_1_222' title='bbox 1656 3665 1785 3711; x_wconf 92' lang='lat' dir='ltr'><strong>omues</strong></span> 
     </span>
     <span class='ocr_line' id='line_1_25' title="bbox 458 3759 1784 3858; baseline 0.002 -30"><span class='ocrx_word' id='word_1_223' title='bbox 458 3760 635 3853; x_wconf 76' lang='lat' dir='ltr'><strong>ignorant,</strong></span> <span class='ocrx_word' id='word_1_224' title='bbox 660 3759 727 3827; x_wconf 91' lang='lat' dir='ltr'><strong>nisi</strong></span> <span class='ocrx_word' id='word_1_225' title='bbox 746 3759 845 3851; x_wconf 93' lang='lat' dir='ltr'><strong>quod</strong></span> <span class='ocrx_word' id='word_1_226' title='bbox 866 3759 946 3830; x_wconf 90' lang='lat' dir='ltr'><strong>talis</strong></span> <span class='ocrx_word' id='word_1_227' title='bbox 960 3759 1083 3832; x_wconf 90' lang='lat' dir='ltr'><strong>libera</strong></span> <span class='ocrx_word' id='word_1_228' title='bbox 1096 3761 1426 3834; x_wconf 81' lang='lat' dir='ltr'><strong>&#39;Dschemaluddino</strong></span> <span class='ocrx_word' id='word_1_229' title='bbox 1453 3763 1513 3858; x_wconf 80' lang='lat' dir='ltr'><strong>(cl.</strong></span> <span class='ocrx_word' id='word_1_230' title='bbox 1535 3763 1718 3850; x_wconf 88' lang='lat' dir='ltr'><strong>Wenrioh,</strong></span> <span class='ocrx_word' id='word_1_231' title='bbox 1738 3763 1784 3832; x_wconf 82' lang='lat' dir='ltr'><strong>de</strong></span> 
     </span>
     <span class='ocr_line' id='line_1_26' title="bbox 461 3874 1778 3978; baseline 0.005 -30"><span class='ocrx_word' id='word_1_232' title='bbox 461 3887 647 3951; x_wconf 74' lang='lat' dir='ltr'><strong>Auctorem</strong></span> <span class='ocrx_word' id='word_1_233' title='bbox 658 3905 849 3978; x_wconf 66' lang='lat' dir='ltr'><strong>graecorum</strong></span> <span class='ocrx_word' id='word_1_234' title='bbox 864 3881 1091 3952; x_wconf 81' lang='lat' dir='ltr'><strong>versionibus</strong></span> <span class='ocrx_word' id='word_1_235' title='bbox 1101 3900 1138 3952; x_wconf 83' lang='lat' dir='ltr'><strong>et</strong></span> <span class='ocrx_word' id='word_1_236' title='bbox 1149 3885 1415 3952; x_wconf 79' lang='lat' dir='ltr'><strong>conrnrerttnriis</strong></span> <span class='ocrx_word' id='word_1_237' title='bbox 1429 3887 1594 3977; x_wconf 80' lang='lat' dir='ltr'><strong>syriacis,</strong></span> <span class='ocrx_word' id='word_1_238' title='bbox 1611 3874 1778 3969; x_wconf 73' lang='lat' dir='ltr'><strong>arabicis,</strong></span> 
     </span>
     <span class='ocr_line' id='line_1_27' title="bbox 458 4005 1782 4104; baseline 0.005 -33"><span class='ocrx_word' id='word_1_239' title='bbox 458 4006 682 4085; x_wconf 66' lang='lat' dir='ltr'><strong>(arilianensis,</strong></span> <span class='ocrx_word' id='word_1_240' title='bbox 693 4007 920 4100; x_wconf 76' lang='lat' dir='ltr'><strong>persicisque,</strong></span> <span class='ocrx_word' id='word_1_241' title='bbox 939 4006 1076 4100; x_wconf 84' lang='lat' dir='ltr'><strong>Lipsiae,</strong></span> <span class='ocrx_word' id='word_1_242' title='bbox 1099 4007 1200 4093; x_wconf 72' lang='lat'><strong>1842,</strong></span> <span class='ocrx_word' id='word_1_243' title='bbox 1217 4033 1255 4104; x_wconf 87' lang='lat' dir='ltr'><strong>p.</strong></span> <span class='ocrx_word' id='word_1_244' title='bbox 1275 4005 1357 4100; x_wconf 78' lang='lat'><strong>237,</strong></span> <span class='ocrx_word' id='word_1_245' title='bbox 1377 4023 1410 4078; x_wconf 85' lang='lat' dir='ltr'><strong>et</strong></span> <span class='ocrx_word' id='word_1_246' title='bbox 1425 4008 1552 4098; x_wconf 88' lang='lat' dir='ltr'><strong>Casiri,</strong></span> <span class='ocrx_word' id='word_1_247' title='bbox 1567 4009 1782 4080; x_wconf 75' lang='lat' dir='ltr'><strong>Bibliotheca</strong></span> 
     </span>
     <span class='ocr_line' id='line_1_28' title="bbox 456 4123 1780 4226; baseline 0.006 -32"><span class='ocrx_word' id='word_1_248' title='bbox 456 4123 817 4223; x_wconf 72' lang='lat' dir='ltr'><strong>‹sindico-hispanicis,</strong></span> <span class='ocrx_word' id='word_1_249' title='bbox 834 4143 860 4197; x_wconf 94' lang='lat' dir='ltr'><strong>t.</strong></span> <span class='ocrx_word' id='word_1_250' title='bbox 873 4132 902 4216; x_wconf 90' lang='lat' dir='ltr'><strong>I,</strong></span> <span class='ocrx_word' id='word_1_251' title='bbox 918 4155 955 4226; x_wconf 73' lang='lat' dir='ltr'><strong>p·</strong></span> <span class='ocrx_word' id='word_1_252' title='bbox 967 4132 1053 4222; x_wconf 71' lang='lat'>304)</span> <span class='ocrx_word' id='word_1_253' title='bbox 1066 4143 1103 4200; x_wconf 89' lang='lat' dir='ltr'><strong>et</strong></span> <span class='ocrx_word' id='word_1_254' title='bbox 1111 4145 1259 4201; x_wconf 86' lang='lat' dir='ltr'><strong>auctore</strong></span> <span class='ocrx_word' id='word_1_255' title='bbox 1273 4133 1361 4200; x_wconf 82' lang='lat' dir='ltr'><strong>Vita:</strong></span> <span class='ocrx_word' id='word_1_256' title='bbox 1372 4131 1557 4203; x_wconf 68' lang='lat' dir='ltr'><strong>Marcianas</strong></span> <span class='ocrx_word' id='word_1_257' title='bbox 1572 4133 1780 4223; x_wconf 77' lang='lat' dir='ltr'><strong>Aristotelis,</strong></span> 
     </span>
     <span class='ocr_line' id='line_1_29' title="bbox 457 4251 1868 4349; baseline 0.005 -28"><span class='ocrx_word' id='word_1_258' title='bbox 457 4278 493 4349; x_wconf 93' lang='lat' dir='ltr'><strong>p.</strong></span> <span class='ocrx_word' id='word_1_259' title='bbox 515 4252 550 4338; x_wconf 83' lang='lat'><strong>8,</strong></span> <span class='ocrx_word' id='word_1_260' title='bbox 567 4251 622 4322; x_wconf 89' lang='lat' dir='ltr'><strong>ed.</strong></span> <span class='ocrx_word' id='word_1_261' title='bbox 641 4251 779 4340; x_wconf 84' lang='lat' dir='ltr'><strong>Rohbe,</strong></span> <span class='ocrx_word' id='word_1_262' title='bbox 800 4254 912 4348; x_wconf 83' lang='lat' dir='ltr'><strong>Lugd.</strong></span> <span class='ocrx_word' id='word_1_263' title='bbox 932 4260 1070 4342; x_wconf 72' lang='lat' dir='ltr'><strong>Bataua,</strong></span> <span class='ocrx_word' id='word_1_264' title='bbox 1097 4254 1199 4343; x_wconf 76' lang='lat'><strong>1861,</strong></span> <span class='ocrx_word' id='word_1_265' title='bbox 1219 4255 1408 4326; x_wconf 75' lang='lat' dir='ltr'><strong>l&#39;tolemaeo</strong></span> <span class='ocrx_word' id='word_1_266' title='bbox 1426 4255 1591 4345; x_wconf 91' lang='lat' dir='ltr'><strong>cuidam,</strong></span> <span class='ocrx_word' id='word_1_267' title='bbox 1607 4257 1708 4329; x_wconf 90' lang='lat' dir='ltr'><strong>nullo</strong></span> <span class='ocrx_word' id='word_1_268' title='bbox 1725 4273 1782 4328; x_wconf 86' lang='lat' dir='ltr'><strong>ta·</strong></span> <span class='ocrx_word' id='word_1_269' title='bbox 1864 4306 1868 4314; x_wconf 91' lang='lat'>·</span> 
     </span>
     <span class='ocr_line' id='line_1_30' title="bbox 461 4373 1782 4478; baseline 0.008 -36"><span class='ocrx_word' id='word_1_270' title='bbox 461 4398 541 4444; x_wconf 90' lang='lat' dir='ltr'><strong>men</strong></span> <span class='ocrx_word' id='word_1_271' title='bbox 560 4373 740 4470; x_wconf 82' lang='lat' dir='ltr'><strong>adscripto</strong></span> <span class='ocrx_word' id='word_1_272' title='bbox 758 4379 984 4472; x_wconf 83' lang='lat' dir='ltr'><strong>cognomine,</strong></span> <span class='ocrx_word' id='word_1_273' title='bbox 999 4376 1181 4447; x_wconf 88' lang='lat' dir='ltr'><strong>tribuitur.</strong></span> <span class='ocrx_word' id='word_1_274' title='bbox 1197 4377 1426 4449; x_wconf 87' lang='lat' dir='ltr'><strong>Ptolemaeum</strong></span> <span class='ocrx_word' id='word_1_275' title='bbox 1445 4381 1552 4475; x_wconf 85' lang='lat' dir='ltr'><strong>igitur</strong></span> <span class='ocrx_word' id='word_1_276' title='bbox 1565 4382 1706 4478; x_wconf 82' lang='lat' dir='ltr'><strong>AEgypti</strong></span> <span class='ocrx_word' id='word_1_277' title='bbox 1728 4406 1782 4452; x_wconf 88' lang='lat' dir='ltr'><strong>re·</strong></span> 
     </span>
     <span class='ocr_line' id='line_1_31' title="bbox 460 4498 1780 4595; baseline 0.008 -31"><span class='ocrx_word' id='word_1_278' title='bbox 460 4521 538 4589; x_wconf 82' lang='lat' dir='ltr'><strong>geru</strong></span> <span class='ocrx_word' id='word_1_279' title='bbox 549 4498 641 4567; x_wconf 88' lang='lat' dir='ltr'><strong>male</strong></span> <span class='ocrx_word' id='word_1_280' title='bbox 654 4498 727 4569; x_wconf 88' lang='lat' dir='ltr'><strong>huc</strong></span> <span class='ocrx_word' id='word_1_281' title='bbox 741 4499 900 4571; x_wconf 88' lang='lat' dir='ltr'><strong>delatum</strong></span> <span class='ocrx_word' id='word_1_282' title='bbox 915 4500 1084 4572; x_wconf 87' lang='lat' dir='ltr'><strong>arbitror.</strong></span> <span class='ocrx_word' id='word_1_283' title='bbox 1104 4500 1207 4586; x_wconf 81' lang='lat' dir='ltr'><strong>Quod</strong></span> <span class='ocrx_word' id='word_1_284' title='bbox 1221 4527 1307 4573; x_wconf 86' lang='lat' dir='ltr'><strong>vero</strong></span> <span class='ocrx_word' id='word_1_285' title='bbox 1320 4501 1367 4573; x_wconf 89' lang='lat' dir='ltr'><strong>ad</strong></span> <span class='ocrx_word' id='word_1_286' title='bbox 1382 4503 1624 4576; x_wconf 82' lang='lat' dir='ltr'><strong>Andronicum</strong></span> <span class='ocrx_word' id='word_1_287' title='bbox 1638 4507 1780 4595; x_wconf 90' lang='lat' dir='ltr'><strong>attinet,</strong></span> 
     </span>
     <span class='ocr_line' id='line_1_32' title="bbox 459 4620 1781 4722; baseline 0.009 -34"><span class='ocrx_word' id='word_1_288' title='bbox 459 4620 501 4706; x_wconf 89' lang='lat' dir='ltr'><strong>si,</strong></span> <span class='ocrx_word' id='word_1_289' title='bbox 530 4635 565 4688; x_wconf 85' lang='lat' dir='ltr'><strong>ut</strong></span> <span class='ocrx_word' id='word_1_290' title='bbox 583 4635 686 4716; x_wconf 89' lang='lat' dir='ltr'><strong>puto,</strong></span> <span class='ocrx_word' id='word_1_291' title='bbox 711 4625 901 4694; x_wconf 81' lang='lat' dir='ltr'><strong>maximam</strong></span> <span class='ocrx_word' id='word_1_292' title='bbox 918 4639 1057 4720; x_wconf 88' lang='lat' dir='ltr'><strong>partem</strong></span> <span class='ocrx_word' id='word_1_293' title='bbox 1078 4649 1162 4696; x_wconf 78' lang='lat' dir='ltr'><strong>vera</strong></span> <span class='ocrx_word' id='word_1_294' title='bbox 1178 4640 1261 4697; x_wconf 90' lang='lat' dir='ltr'><strong>sunt</strong></span> <span class='ocrx_word' id='word_1_295' title='bbox 1275 4651 1356 4722; x_wconf 83' lang='lat' dir='ltr'><strong>quae</strong></span> <span class='ocrx_word' id='word_1_296' title='bbox 1371 4626 1417 4697; x_wconf 92' lang='lat' dir='ltr'><strong>de</strong></span> <span class='ocrx_word' id='word_1_297' title='bbox 1433 4628 1511 4722; x_wconf 89' lang='lat' dir='ltr'><strong>ejus</strong></span> <span class='ocrx_word' id='word_1_298' title='bbox 1531 4631 1627 4699; x_wconf 91' lang='lat' dir='ltr'><strong>curis</strong></span> <span class='ocrx_word' id='word_1_299' title='bbox 1651 4631 1687 4699; x_wconf 90' lang='lat' dir='ltr'><strong>in</strong></span> <span class='ocrx_word' id='word_1_300' title='bbox 1706 4634 1781 4700; x_wconf 82' lang='lat' dir='ltr'><strong>Ari-</strong></span> 
     </span>
     <span class='ocr_line' id='line_1_33' title="bbox 459 4741 1780 4845; baseline 0.008 -35"><span class='ocrx_word' id='word_1_301' title='bbox 459 4741 594 4811; x_wconf 88' lang='lat' dir='ltr'><strong>stotelis</strong></span> <span class='ocrx_word' id='word_1_302' title='bbox 618 4742 791 4815; x_wconf 90' lang='lat' dir='ltr'><strong>librorum</strong></span> <span class='ocrx_word' id='word_1_303' title='bbox 811 4746 966 4818; x_wconf 88' lang='lat' dir='ltr'><strong>editione</strong></span> <span class='ocrx_word' id='word_1_304' title='bbox 992 4747 1129 4818; x_wconf 90' lang='lat' dir='ltr'><strong>collatis</strong></span> <span class='ocrx_word' id='word_1_305' title='bbox 1146 4749 1245 4845; x_wconf 90' lang='lat' dir='ltr'><strong>apud</strong></span> <span class='ocrx_word' id='word_1_306' title='bbox 1262 4748 1475 4821; x_wconf 89' lang='lat' dir='ltr'><strong>Strabonem</strong></span> <span class='ocrx_word' id='word_1_307' title='bbox 1494 4767 1529 4822; x_wconf 94' lang='lat' dir='ltr'><strong>et</strong></span> <span class='ocrx_word' id='word_1_308' title='bbox 1548 4752 1780 4824; x_wconf 91' lang='lat' dir='ltr'><strong>Plutarchum</strong></span> 
     </span>
     <span class='ocr_line' id='line_1_34' title="bbox 459 4869 1780 4974; baseline 0.009 -39"><span class='ocrx_word' id='word_1_309' title='bbox 459 4882 665 4958; x_wconf 85' lang='lat' dir='ltr'><strong>narrantur,</strong></span> <span class='ocrx_word' id='word_1_310' title='bbox 688 4869 777 4939; x_wconf 93' lang='lat' dir='ltr'><strong>nihil</strong></span> <span class='ocrx_word' id='word_1_311' title='bbox 796 4896 879 4943; x_wconf 89' lang='lat' dir='ltr'><strong>sane</strong></span> <span class='ocrx_word' id='word_1_312' title='bbox 897 4887 952 4944; x_wconf 91' lang='lat' dir='ltr'><strong>est</strong></span> <span class='ocrx_word' id='word_1_313' title='bbox 970 4873 1070 4968; x_wconf 93' lang='lat' dir='ltr'><strong>quod</strong></span> <span class='ocrx_word' id='word_1_314' title='bbox 1085 4873 1270 4963; x_wconf 88' lang='lat' dir='ltr'><strong>miremur,</strong></span> <span class='ocrx_word' id='word_1_315' title='bbox 1294 4901 1486 4946; x_wconf 88' lang='lat' dir='ltr'><strong>numerum</strong></span> <span class='ocrx_word' id='word_1_316' title='bbox 1507 4876 1683 4948; x_wconf 85' lang='lat' dir='ltr'><strong>librorum</strong></span> <span class='ocrx_word' id='word_1_317' title='bbox 1703 4877 1780 4974; x_wconf 90' lang='lat' dir='ltr'><strong>phi·</strong></span> 
     </span>
    </p>
   </div>
   <div class='ocr_carea' id='block_1_5' title="bbox 0 0 2073 6132">
    <p class='ocr_par' dir='ltr' id='par_1_5' title="bbox 0 0 2073 6132">
     <span class='ocr_line' id='line_1_35' title="bbox 0 0 2073 6132; baseline 0 0"><span class='ocrx_word' id='word_1_318' title='bbox 0 0 2073 6132; x_wconf 95' lang='lat' dir='ltr'><strong> </strong></span> 
     </span>
    </p>
   </div>
  </div>
 </body>
</html>
