4134 6134
810 569 815 576 1
864 482 1019 542 PEPLUS.

139 629 269 685 Minervre
288 627 404 679 uictoria
418 625 446 675 in
466 621 617 675 Titanus...
631 618 689 672 Sed
709 635 741 671 eo
762 620 898 689 respexit,

136 721 200 790 quio
212 725 242 768 et
261 724 433 766 strenuorum
447 726 553 781 quoquc
567 706 666 759 ducum
688 704 804 761 Athenis
824 716 905 776 gesto

139 809 165 857 in
178 804 260 876 peplo
275 805 384 854 intexta
397 796 500 869 templo
520 797 657 849 Mineruae
680 794 903 866 imponebantur.

143 892 231 963 Quare
249 898 276 941 et
290 884 451 941 Aristoteles
466 882 563 936 librum
584 900 676 947 suurn,
696 899 776 953 quem
799 880 834 933 de
856 880 905 933 Irc-

139 995 210 1033 roum
225 976 339 1030 turnulis
349 969 528 1043 confecerat,
541 970 658 1044 Peplem
678 973 794 1023 vocavit.
816 964 906 1023 Erro-

141 1080 196 1119 rem
216 1060 266 1136 qui
287 1058 319 1116 in
333 1057 380 1116 his
394 1060 470 1117 inest
482 1055 574 1113 vitare
595 1075 653 1113 non
666 1054 762 1131 potuit
771 1056 817 1110 vir
827 1053 906 1111 omni

141 1148 220 1210 laude
235 1147 338 1221 tttajor,
356 1148 467 1225 quippe
489 1146 541 1222 qui
555 1164 648 1221 neque
666 1142 813 1220 Anonymi
829 1142 907 1200 indi-

141 1256 198 1293 cem
214 1255 307 1312 neque
323 1234 513 1293 Scholiastem
527 1231 667 1290 Aristidis
689 1243 826 1300 noverat,
840 1230 905 1306 qui·

140 1323 192 1381 hus
206 1322 280 1381 illud
294 1336 373 1380 certo
385 1322 522 1394 eflicitur,
535 1333 736 1396 argumentum
749 1319 833 1397 Pepli
848 1338 906 1375 non

140 1412 169 1468 in
183 1409 361 1469 celebrandis
375 1408 574 1467 tantummodo
585 1406 706 1464 heroum
720 1406 837 1465 tumulis
852 1405 907 1463 cir·

142 1498 347 1574 cumscriptum
363 1496 466 1573 fuisse,
482 1484 532 1553 sed
555 1494 647 1553 multo
663 1494 749 1550 latius
767 1491 904 1569 patuisse.

141 1584 182 1640 lie
204 1603 262 1659 qua
283 1597 378 1641 tarnen
410 1602 440 1640 re
470 1583 633 1641 accuratius
661 1579 777 1637 deliniri
809 1580 911 1655 nequit

141 1683 259 1749 propter
283 1671 472 1747 reliquiarum
498 1669 662 1747 penuriam,
679 1687 800 1743 quatum
824 1666 911 1742 longe

140 1758 265 1816 maxima
286 1777 355 1833 pars
380 1758 452 1835 ipsis
471 1758 535 1815 istis
553 1756 712 1833 epitaphiis
738 1768 850 1813 constat
875 1754 911 1813 de

138 1843 247 1921 quibus
261 1844 321 1920 jam
336 1843 495 1902 videndum
510 1842 596 1902 nobis
610 1846 678 1901 erit.

179 1933 252 1992 Tres
267 1945 334 1990 sunt
347 1931 456 1989 diversi
473 1932 565 1989 tontes
576 1930 682 2008 quibus
697 1929 757 1987 haec
771 1930 912 2007 epigram·

140 2030 217 2075 mata
225 2015 373 2076 debemus.
387 2019 646 2093 Longemaximam
656 2030 766 2095 partem
774 2037 810 2075 ex
816 2028 913 2075 vetere

137 2104 267 2181 quodam
283 2104 418 2162 Mediceae
432 2104 616 2163 bibliothecae
631 2105 731 2163 codiee
745 2105 845 2184 (Laur.
863 2104 911 2177 56,

144 2214 157 2249 1
170 2190 271 2251 bomb.
286 2211 343 2249 sec.
359 2192 404 2270 13)
417 2194 451 2252 H.
464 2192 627 2269 Stephanus
634 2206 699 2270 post
708 2192 912 2267 Anthologiam

139 2279 316 2338 Planudeam
331 2279 444 2339 Genev.
461 2281 548 2351 1566,
561 2301 592 2359 p.
611 2289 667 2355 497
687 2280 791 2350 edidit,
805 2281 861 2337 hoc
874 2280 912 2338 ti-

139 2372 202 2427 tulo
216 2392 223 2426 τ
233 2370 289 2427 Ποῦ
300 2366 408 2434 ἕκαστος
419 2372 469 2427 τῶν
484 2366 619 2439 Ἑλλήνων
628 2367 720 2449 ἡρώων
729 2368 857 2427 τέθαπται
868 2368 913 2425 κοιλ

137 2460 164 2513 τί
176 2454 369 2535 ἐπιγέγραπται
379 2459 417 2536 τῷ
429 2456 515 2536 cipp.
530 2458 693 2515 Aristotelis
708 2477 814 2515 nomen
827 2459 859 2516 in
867 2478 915 2515 co·

136 2546 206 2601 ‹iit-e
223 2563 283 2601 non
305 2556 348 2601 est
365 2543 515 2616 additum,
530 2545 579 2603 sed
598 2544 816 2623 subsequuntur
836 2565 915 2602 non-

139 2631 223 2689 nulla
238 2643 373 2708 excerpta
386 2629 421 2689 de
446 2632 508 2689 vita
528 2632 703 2690 Aristotelis.
721 2632 916 2695 llanecollec-

141 2724 272 2795 titftnem,
288 2721 339 2795 qui
364 2718 411 2777 bis
435 2720 567 2796 repetiit,
592 2718 628 2777 G.
654 2718 794 2776 Canterus
818 2719 915 2793 (uasti.

143 2810 221 2867 1566
236 2821 265 2866 et
280 2810 370 2868 huis.
389 2806 488 2883 1571),
503 2807 634 2884 primus,
660 2819 692 2863 ut
703 2818 813 2884 partem
829 2804 913 2883 Pepli

140 2896 294 2957 Aristoteli
307 2894 486 2983 vindicavit,
498 2893 639 2951 Eustathii
653 2913 723 2951 usus
738 2893 915 2967 testimonio,

136 2983 221 3063 apud
243 3001 328 3060 quem
354 2980 484 3057 quaedam
510 2981 878 3059 horum-epigrammatum
900 3002 918 3042 e

137 3070 303 3149 Porphyrii
326 3070 542 3129 commentariis
556 3070 587 3129 in
603 3070 761 3127 Homerum
785 3084 920 3149 excerpto

137 3161 289 3235 leguntur.
308 3156 360 3214 llis
380 3156 512 3233 duobus,
530 3158 632 3215 tertius
647 3156 772 3234 denique
792 3158 857 3217 tons
872 3178 918 3217 ac-

136 3247 246 3318 cessit,
261 3244 398 3317 Tzetzes,
414 3246 446 3302 in
462 3244 545 3321 cujus
569 3246 719 3303 codicibus
740 3246 802 3304 sive
819 3246 919 3305 Matri·

137 3331 277 3391 tensibus
303 3331 340 3389 ab
358 3332 463 3389 Iriarte
486 3332 617 3404 collatis,
643 3335 738 3392 Cotol.
753 3337 831 3394 Bibt.
852 3338 919 3392 Mtt-

134 3429 208 3480 tritt
226 3442 255 3495 p.
280 3421 317 3477 86
339 3439 385 3495 sq.
399 3432 428 3477 ct
443 3421 501 3477 αδδ
517 3439 562 3496 sq.
577 3440 629 3478 seu
642 3420 798 3479 Harleiano
812 3464 820 3493 ,
834 3440 919 3497 quem

135 3507 274 3584 inspexit
288 3505 343 3564 Th.
356 3506 492 3581 Burgess,
508 3507 592 3585 Pepli
605 3508 796 3583 reliquiarum
812 3507 918 3582 editor,

134 3592 317 3665 Dunelmiae,
334 3593 420 3667 1798,
430 3593 468 3653 cf.
479 3598 560 3651 Dior.
572 3596 662 3652 Closs.
670 3599 803 3654 Britonu.
814 3607 834 3655 t.
848 3594 931 3669 XlV,'

132 3704 166 3761 p,
190 3702 248 3754 ¹72
263 3700 340 3757 sqq„
356 3680 469 3757 aliquot
488 3681 607 3739 aliunde
626 3683 726 3757 ignota
740 3684 841 3742 insunt
860 3684 920 3762 epi·

131 3780 316 3845 grammata,
334 3767 446 3825 Similis
461 3769 594 3826 collectio
611 3770 825 3849 epitaphiorum
837 3772 921 3831 inno·
946 3812 952 3824 -

133 3868 243 3914 tuerat
278 3855 427 3929 Ausonio,
457 3856 508 3931 qui
538 3876 638 3913 eorum
663 3870 773 3935 partem
800 3858 923 3919 liberius

136 3943 242 4000 latino
264 3960 397 4000 sermone
411 3942 572 4020 expressit,
588 3942 642 4000 hac
657 3946 806 4019 praemissa
822 3948 923 4024 praeia-

137 4031 230 4089 tione
248 4048 257 4088 τ
275 4034 323 4086 Ad
342 4049 399 4085 rem
418 4036 558 4104 pertinere
583 4037 758 4105 eristinsnvi,
771 4046 834 4094 ut...
855 4038 923 4112 Epi·

131 4119 251 4194 topbia
272 4120 471 4185 subnecterem,
501 4120 604 4174 scilicet
635 4123 729 4176 titulos
757 4125 926 4195 sepulcrales

133 4209 282 4274 heroum,
302 4212 351 4280 qui
366 4208 439 4262 bello
460 4208 555 4261 ‘stoico
578 4204 769 4277 interfuerunt.
786 4211 858 4281 Quoe
872 4232 926 4267 art-

132 4302 225 4371 u'qua
235 4314 318 4369 quum
327 4297 405 4369 apud
408 4295 580 4371 philologum
592 4298 732 4369 quendam
750 4306 924 4373 reperissem,

132 4380 254 4442 Latino
263 4402 389 4438 sermone
400 4389 518 4439 converti
528 4384 579 4459 (ι).

163 4522 203 4575 (ι)
215 4522 252 4564 ne
260 4519 332 4574 poetis
341 4518 481 4575 quibusdam
491 4520 533 4573 oni
542 4520 660 4577 epitaphia
668 4522 692 4566 in
700 4522 786 4567 heroas
793 4523 926 4570 Homericos

127 4584 308 4701 {prpppsutsse
317 4582 431 4635 teruntur,
441 4584 568 4639 presertim
577 4582 606 4628 de
619 4584 743 4641 Posidippo
753 4584 784 4631 ci.
793 4585 876 4641 Bergk.
881 4586 902 4631 ·i.
910 4588 926 4632 Ι.

1674 476 1729 535 dli

1000 613 1042 670 De
1055 612 1129 690 ipsis
1148 610 1196 671 bis
1215 609 1372 689 epitaphiis
1386 611 1427 667 ita
1439 609 1540 667 statuit
1563 608 1686 682 Rosius,
1700 628 1734 667 ea

960 701 1082 760 averiis
1102 701 1197 777 poetis
1220 698 1302 771 ticta,
1318 717 1335 756 a
1349 697 1548 776 peplographo
1570 696 1689 756 collecta
1704 709 1735 755 et

960 789 1044 865 operi
1057 808 1110 846 suo
1126 788 1234 846 inserta
1242 804 1315 845 esse.
1331 785 1442 844 Unicus
1453 798 1497 843 est
1509 783 1611 842 titulus
1624 784 1661 841 de
1674 803 1733 861 quo

960 876 1016 935 ltoc
1042 877 1186 934 affirmare
1208 875 1275 933 licet
1299 876 1369 951 (15,
1385 876 1423 933 ci.
1445 876 1531 932 etiam
1559 873 1621 949 δή),
1645 873 1734 931 ceteri

961 982 1031 1022 vero
1046 983 1147 1023 omnes
1168 964 1238 1021 tales
1261 959 1346 1034 sunt,
1359 975 1388 1021 et
1401 963 1457 1021 hoc
1477 961 1595 1039 quidem
1610 960 1734 1035 herglio

961 1052 1129 1112 aetitissimo
1148 1051 1249 1129 judice
1265 1052 1297 1128 il.
1319 1051 1338 1111 l.
1356 1071 1385 1128 ρ.
1397 1050 1479 1126 648),
1499 1064 1531 1107 ut
1544 1049 1591 1107 vel
1606 1050 1734 1109 imitatus

961 1143 998 1197 sit
1024 1139 1190 1215 antiquiora
1217 1139 1366 1213 carmina,
1390 1138 1435 1196 vel
1456 1138 1519 1214 ipse
1542 1135 1660 1193 tinxerit
1684 1156 1735 1213 pe·

962 1228 1153 1304 plographus,
1166 1226 1243 1304 apud
1256 1246 1342 1303 quem
1357 1246 1470 1284 summa
1492 1223 1604 1299 ingenii
1625 1223 1735 1281 medio-

962 1318 1052 1374 critas
1070 1330 1098 1373 et
1112 1316 1254 1374 sermonis
1269 1317 1393 1373 tenuitas
1414 1315 1524 1391 ubique
1543 1312 1735 1391 deprehendi·

963 1418 1021 1463 tur.
1031 1404 1115 1473 Quod
1125 1404 1161 1474 si,
1174 1415 1205 1461 ut
1211 1402 1344 1480 equidem
1351 1415 1432 1480 puto,
1449 1400 1735 1477 verissimumestju-

963 1493 1083 1565 dicium,
1100 1493 1278 1571 ridesquam
1293 1493 1424 1569 procula
1438 1511 1510 1549 vero
1523 1490 1735 1562 aberraverint,

965 1581 1132 1657 quicunque
1145 1601 1182 1638 ex
1195 1594 1252 1638 tam
1266 1580 1366 1656 inepto
1379 1593 1408 1636 et
1420 1577 1525 1656 jejuno
1543 1597 1633 1655 opere
1646 1577 1738 1655 poeti·

966 1687 1026 1724 cans
1036 1668 1162 1745 aliquam
1171 1669 1285 1727 laudem
1293 1666 1737 1742 Aristoteliconciliareaggressi

965 1766 1043 1813 suut.

1005 1840 1108 1899 Totam
1134 1842 1209 1901 banc
1222 1842 1449 1919 disputationem
1466 1843 1571 1900 suelius
1599 1841 1736 1900 concludi

967 1948 1052 2005 posse
1070 1950 1128 1987 uon
1148 1944 1219 2009 puto
1230 1950 1317 2008 quam
1329 1932 1470 2009 appositis
1491 1931 1609 2006 Bergkii
1630 1933 1737 2007 saepius

964 2016 1024 2093 jam
1048 2018 1169 2077 anobis
1183 2019 1291 2078 laudati
1313 2020 1414 2078 verbis
1437 2042 1444 2079 ι
1470 2046 1483 2072 ι
1511 2019 1598 2089 Quod
1619 2020 1644 2077 si
1665 2020 1737 2077 ido-

968 2124 1087 2163 neorum
1112 2108 1228 2166 testium
1251 2110 1421 2167 auctoritate
1452 2120 1611 2180 constaret,
1636 2106 1738 2185 philo·

968 2193 1091 2273 sophum
1118 2193 1239 2273 Peplum
1265 2198 1429 2274 scripsisse,
1447 2196 1622 2256 censendum
1646 2196 1737 2269 toret,

968 2283 1059 2342 alium
1080 2302 1165 2361 quem
1184 2296 1285 2363 postea
1302 2284 1363 2342 baec
1385 2286 1562 2363 epitaphiaa
1578 2304 1609 2343 se
1623 2284 1741 2343 condita

969 2373 1066 2431 alieno
1088 2374 1170 2449 operi
1194 2374 1414 2447 intertexuisse,
1435 2393 1529 2451 neque
1553 2387 1650 2430 tamen
1674 2374 1746 2433 veri·

969 2462 1076 2519 similis
1090 2475 1133 2520 est
1147 2462 1207 2519 haec
1219 2464 1367 2540 suspicio,
1383 2465 1474 2540 igitur
1486 2463 1656 2523 universum
1666 2483 1741 2538 opus

971 2548 1121 2608 Aristoteli
1156 2550 1333 2629 philosopho
1362 2552 1601 2630 abjudicandum.
1635 2551 1741 2631 Operis

971 2636 1059 2714 hujus
1085 2650 1185 2696 auctor
1214 2653 1311 2697 utrum
1338 2640 1505 2719 philosophi
1529 2661 1636 2699 nomen
1665 2641 1742 2699 mala

974 2725 1075 2783 iraude
1086 2738 1234 2785 mutuatus
1245 2748 1282 2785 au
1297 2748 1401 2787 revera
1412 2731 1584 2789 Aristoteles
1600 2734 1741 2788 vocitatus

973 2812 1025 2884 sit,
1039 2812 1072 2870 in
1089 2812 1186 2870 medio
1202 2815 1376 2891 relinquam.
1390 2842 1403 2867 s

1286 2989 1298 3024 1
1323 2969 1431 3045 (ess).

1013 3124 1109 3186 Schol.
1127 3127 1164 3185 ad
1179 3130 1302 3189 hristid.
1325 3130 1446 3189 Panath.
1461 3153 1492 3207 p.
1510 3133 1574 3208 189,
1599 3139 1628 3202 i,
1653 3145 1675 3193 t.
1690 3131 1745 3209 111,

974 3234 1004 3291 p.
1023 3215 1079 3273 323
1097 3216 1142 3276 ed.
1158 3217 1293 3278 Dindort'.
1308 3219 1345 3277 ad
1357 3219 1447 3278 verba
1461 3242 1467 3276 :
1483 3218 1662 3287 Ένδοξότατοι
1677 3218 1744 3276 πάν-

974 3324 1025 3358 των
1040 3303 1147 3361 οἱκατὰ
1172 3304 1220 3375 τὴν
1237 3302 1356 3364 Ἑλλάδα
1381 3310 1486 3387 ἀγῶνας·
1508 3307 1555 3366 καὶ
1580 3307 1628 3385 μὲν
1647 3306 1747 3366 τούτων

975 3388 1156 3468 spectiora<
1180 3396 1261 3451 ὁτῶν
1285 3392 1444 3469 Ἀθηναίων,
1460 3396 1484 3453 εἷ
1507 3394 1534 3454 δὲ
1550 3393 1638 3475 βούλει
1659 3402 1673 3457 θ
1694 3402 1747 3457 τῶν

975 3475 1143 3536 Ἐλευσινίων
1173 3498 1181 3537 ;
1208 3477 1245 3539 Ἡ
1270 3480 1341 3550 τάξις
1363 3487 1415 3542 τῶν
1439 3483 1546 3562 ἀγώνων
1568 3482 1637 3544 καθὰ
1654 3483 1749 3567 Ἀρι-

976 3564 1143 3638 στοτέλης
1164 3568 1343 3649 ιἰναγραίρεται
1364 3570 1419 3650 (ita
1440 3572 1506 3631 cod.
1521 3572 1661 3632 Marciam
1677 3562 1749 3635 teste

977 3653 1077 3731 Rosio,
1093 3656 1179 3714 ceteri
1194 3657 1264 3715 κατὰ
1277 3658 1461 3736 Ἀριστοτέλην
1477 3659 1640 3741 γράφεται)·
1654 3666 1747 3741 πρῶτα

978 3741 1749 3831 μὲντὰἘλευαίνιαθιθιτὸνκαριτὸντῆςΔήμητρος·δεύτερα

978 3830 1004 3891 di
1017 3830 1052 3889 τὰ
1062 3831 1233 3904 Παναθήναια
1247 3834 1290 3893 inl
1301 3836 1402 3917 Ἀατέρι
1413 3841 1450 3917 τῷ
1462 3838 1565 3917 γίγαντι
1578 3838 1627 3896 ὑπὸ
1641 3839 1749 3911 Ἀθηνᾶς
1840 3864 1844 3881 ·

979 3918 1153 3999 ἀναιρεθέντι·
1169 3920 1253 4001 τρίτος
1265 3922 1293 3980 ὃν
1304 3924 1330 3980 ἓν
1340 3922 1429 4002 Ἄργει
1439 3924 1541 3992 Δαναὸς
1554 3925 1631 3996 ἔθηκε
1646 3926 1689 3984 διὰ
1704 3927 1748 3987 τθν

978 4007 1062 4085 γάμον
1078 4013 1129 4067 τῶν
1147 4009 1294 4089 θυγατέρων
1311 4015 1406 4070 αὐτοῦ·
1420 4012 1543 4092 τέταρτος
1557 4016 1610 4073 δέν
1625 4013 1749 4096 Ἀρκαδία

981 4096 1063 4164 τεθεὶς
1082 4099 1134 4159 ὑπὸ
1147 4097 1296 4177 Λυκάονος,
1312 4099 1339 4165 ὃς
1354 4101 1450 4172 ἐκλήθη
1473 4101 1591 4160 Λύκαια·
1604 4102 1751 4180 πέμπτοςθ

980 4188 1006 4241 ἐν
1026 4184 1128 4267 Ἰωλκῷ
1148 4186 1275 4248 Ἀκάστου
1301 4187 1521 4267 καθηγησαμένου
1542 4190 1586 4249 isi
1607 4193 1694 4273 ssahip
1712 4194 1751 4275 τῷ

979 4272 1077 4351 πατρί·
1100 4273 1173 4341 ἕκτος
1195 4279 1209 4334 ὁ
1229 4278 1255 4334 έν
1275 4276 1375 4355 Ἰσθμῷ
1398 4275 1515 4360 Σιαύρου
1530 4280 1752 4355 νομοθετήσαντος

980 4359 1023 4417 ἐπὶ
1045 4363 1213 4444 Μελικέρτῃ·
1232 4363 1342 4441 {disper
1362 4368 1376 4423 δ
1395 4366 1579 4445 Ὀλυμπιακὸς
1592 4368 1752 4448 Ἡρακλέους

980 4450 1197 4523 νομοθετήσαντος
1219 4453 1264 4511 ἐπὶ
1280 4453 1392 4514 Πέλοπι·
1417 4454 1506 4534 ὄγδοος
1529 4458 1543 4512 θ
1562 4458 1588 4514 έν
1603 4456 1705 4537 Νεμέᾳ,
1722 4457 1752 4517 θν

980 4538 1075 4613 ἔθηκαν
1090 4544 1114 4601 ol
1129 4541 1196 4601 iord
1219 4542 1264 4601 ἐπὶ
1279 4543 1374 4614 Θήθας
1390 4543 1434 4603 ἐπὶ
1449 4544 1616 4627 Ἀρχεμόρῳ·
1632 4544 1722 4616 ἔνατος
1738 4550 1752 4605 θ

980 4628 1006 4683 ἓν
1021 4629 1121 4707 Τροία,
1133 4628 1161 4688 dr
1180 4630 1314 4711 Ἀχιλλεὺς
1329 4632 1372 4690 ἐπὶ
1388 4634 1537 4713 Πατρόκλῳ
1558 4634 1695 4707 ἐποίησεν·
1710 4636 1752 4695 δέ·

127 4739 1751 4779 --——-—-—--—--........-.......

477 4812 602 4863 PEPLUS.

534 4910 555 4949 ι.

167 4983 253 5037 Ordo
273 4982 389 5035 ludorum
411 4984 582 5037 institutorum
605 4990 704 5051 qualem
723 4992 866 5043 Aristoteles
882 4996 925 5043 de-

121 5070 261 5139 scripsit.
274 5072 351 5123 Primi
363 5073 480 5124 iileusinii
502 5080 602 5141 propter
619 5078 727 5129 trucium
744 5094 759 5129 a
783 5080 870 5131 cerere
885 5081 927 5131 da-

120 5172 212 5223 tum3
233 5160 337 5211 secundi
354 5163 530 5214 Pmttheuaici
540 5169 640 5228 propter
654 5170 765 5218 Asterem
776 5169 896 5233 gigantem
912 5185 927 5219 a

118 5254 265 5335 Minerva
274 5250 395 5313 occisum3
409 5252 475 5302 tertii
490 5266 552 5316 quos
566 5256 666 5305 Daunus
678 5256 748 5321 Argis
769 5256 874 5309 instituit
893 5260 925 5311 ob

981 4821 1079 4885 nuptias
1093 4823 1199 4874 tiliarum
1212 4839 1327 4884 suerum
1339 4828 1422 4890 quarti
1436 4829 1461 4877 in
1472 4829 1577 4879 Arcadia
1589 4830 1621 4880 ab
1642 4833 1754 4895 Lycaone

981 4906 1101 4969 instituti,
1112 4923 1169 4973 quse
1177 4914 1265 4974 Lyttos
1275 4917 1395 4964 vocantur
1404 4933 1411 4977 3
1421 4915 1501 4977 quinti
1513 4917 1538 4965 in
1547 4917 1613 4968 ioloo
1621 4918 1653 4968 ab
1665 4923 1754 4971 Acasto

981 4992 1006 5042 in
1025 4994 1143 5045 honorem
1164 4996 1238 5047 Pelio
1255 4998 1332 5061 patris
1345 5000 1551 5061 celebrati3se1ti
1563 5004 1621 5052 sunt
1642 5002 1753 5064 isthmii,

982 5096 1045 5146 quos
1057 5083 1175 5149 Sisyphus
1188 5085 1322 5136 Melicerte
1330 5086 1452 5137 dedicarit
1460 5089 1570 5153 ;septimi
1579 5089 1713 5155 olympici,
1723 5089 1755 5140 ab

982 5171 1088 5221 itercute
1110 5172 1136 5222 in
1158 5173 1255 5237 Pelopis
1275 5174 1392 5225 bonorem
1412 5175 1530 5239 instituti3
1543 5178 1623 5228 octavi
1635 5177 1754 5241 Nemeaei,

981 5276 1045 5325 quos
1064 5266 1157 5327 septem
1178 5268 1263 5315 contra
1283 5265 1380 5317 'thebas
1399 5267 1754 5330 Archemorolcousoorarunn
