4134 6134
475 812 516 850 ιιι
1027 798 1243 858 PRAEFlTlo.

472 937 622 1012 (κρυπτιῖαι
637 929 815 1006 Bernhardy)
829 929 900 1012 noph
924 929 1050 991 Πλάτωνι
1063 933 1103 1010 τῷ
1115 932 1249 1012 ριλυσόρῳ
1270 929 1317 988 καὶ
1339 930 1405 1010 παρ’
1424 929 1554 1008 Εὐριπίδῃ
1568 930 1612 988 καὶ
1626 929 1653 987 ἕν
1666 936 1724 996 ταῖς
1739 930 1793 988 τῶν

472 1027 686 1107 Λακιδαιμονίυιν
703 1027 854 1093 πολιτιίαις.
869 1027 924 1086 Καὶ
946 1030 972 1086 ἐν
986 1028 1072 1110 Θάσῳ
1092 1025 1163 1109 ἀρχή
1183 1050 1223 1092 τις
1241 1027 1383 1107 κρύπτεται
1400 1025 1573 1107 (κρυπτιυταί
1588 1026 1721 1103 hauh),
1742 1025 1795 1085 ubi
1831 1017 1835 1029 ¹

472 1127 533 1184 haec
555 1139 675 1185 annotat
693 1125 836 1186 Nauclius
859 1149 865 1182 :
885 1123 1061 1204 «Euripidis
1084 1125 1193 1184 mentio
1210 1122 1274 1205 jam
1297 1124 1448 1182 llindorlio
1470 1124 1521 1203 (cl.
1546 1126 1627 1185 Poet.
1648 1125 1732 1183 Scen.
1755 1124 1791 1184 fr.
1822 1152 1830 1190 J

472 1223 571 1302 Enrip.
590 1221 674 1302 ιιιι)
697 1235 829 1301 suspecta
851 1221 918 1292 luit;
940 1224 1060 1281 sortasse
1074 1222 1226 1292 legendum
1239 1221 1286 1280 καὶ
1300 1221 1364 1303 παρ’
1381 1219 1616 1302 Ἀριστοτέλει
1631 1222 1659 1280 ἰν
1673 1223 1793 1288 ταῑςτῶν

473 1319 571 1380 hmo.
587 1320 660 1380 Πολ.
677 1342 692 1375 ν
802 1353 804 1356 -

512 1417 715 1494 Fragmentum
728 1435 903 1492 anonymum
923 1417 954 1475 in
972 1416 1097 1492 Etymol.
1112 1417 1152 1475 hl.
1174 1436 1205 1496 p·
1219 1419 1287 1490 426,
1309 1438 1362 1492 17:
1379 1413 1438 1494 Πρὸ
1454 1420 1500 1474 τῶ
1516 1414 1568 1475 Δία
1582 1415 1732 1486 κτήσασθαι
1745 1421 1794 1477 τὴν

473 1512 626 1591 Ὀλυμπίαν
651 1513 724 1592 παρὰ
743 1515 792 1582 τῆς
810 1517 869 1591 γῆς,
892 1511 973 1585 ult-hv
988 1511 1184 1594 παρειλήφεσαν
1204 1512 1299 1580 Ἧλιός
1311 1535 1341 1571 τι
1354 1511 1399 1571 καὶ
1420 1510 1531 1592 Κρόνος.
1547 1511 1690 1592 Γνιῖνρισμα
1704 1510 1734 1570 δὲ
1747 1511 1796 1569 τοῦ

472 1609 606 1686 κτήματος
618 1608 702 1676 κοινός
715 1609 771 1668 ἔστι
787 1611 874 1688 βῶμος
886 1611 982 1688 ἀμφοῖν
996 1611 1083 1668 αὐτοῖν
1094 1609 1121 1667 ἰν
1135 1607 1283 1691 Ὀλυμπία.
1306 1607 1445 1687 Σῦμὸολον
1462 1606 1491 1666 δὲ
1503 1607 1549 1667 καλ
1563 1606 1639 1668 τόδε·
1650 1612 1699 1668 τοῦ
1709 1607 1767 1685 μὲν,
1780 1609 1797 1664 δ

472 1703 583 1786 Κρόνιος
593 1703 671 1786 λα’ρος
686 1704 855 1783 καλούμενος,
867 1711 914 1765 τοῦ
928 1704 957 1765 δὲ
969 1696 1049 1772 Ἦλις
1063 1705 1143 1784 μέχρι
1154 1709 1204 1764 τοῦ
1214 1710 1259 1764 νῦν
1278 1704 1429 1784 καλουμένη
1443 1702 1581 1782 ἰπῶνυμυν
1599 1709 1645 1765 τοῦ
1658 1709 1726 1764 θεοῦ.
1742 1704 1794 1765 Διὰ

471 1807 549 1862 τοῦτο
561 1802 606 1862 καλ
627 1801 741 1879 Αὐγείας
754 1804 802 1873 τῆς
816 1800 905 1884 χώρας
920 1801 1084 1874 tinellum,
1100 1801 1192 1881 μοίρας
1210 1800 1288 1873 οὔσης
1307 1800 1411 1875 Ἡλίου,
1435 1809 1499 1870 παῖς
1515 1803 1588 1883 αὐτῷ
1600 1800 1649 1876 ὧν,
1662 1803 1693 1860 in
1712 1801 1795 1882 cujus

472 1901 529 1958 line
543 1901 569 1958 iv
585 1902 623 1979 τῷ
637 1898 697 1978 περὶ
710 1898 925 1977 Ὀλυμπιονικῶν
937 1899 1042 1978 legitur
1054 1899 1085 1958 in
1098 1899 1199 1957 codice
1212 1898 1381 1958 Florentino
1396 1897 1457 1980 (qui
1475 1911 1613 1978 praetcreu
1627 1899 1722 1957 varias
1733 1900 1794 1957 lec·

473 1997 565 2054 tiones
573 1997 683 2076 praebet
695 1995 756 2076 πρὶν
770 1993 814 2055 τὸν
828 1996 890 2069 Δία,
906 1994 1034 2074 ἐπώνυμα
1051 1997 1103 2054 τῶν
1117 1997 1195 2069 θεῶν,
1215 1993 1319 2067 Ἡλίου,
1333 1993 1429 2053 Ἧλῖου
1448 2004 1513 2060 παῖς
1532 1994 1608 2062 αὐτὸς
1628 1993 1692 2076 ὧν),
1715 1999 1794 2075 quod

472 2093 634 2152 Aristotelis
647 2111 708 2151 esse
721 2093 882 2172 suspicatur
901 2093 1026 2152 hlillerns
1048 2094 1070 2152 Ι.
1092 2094 1113 2155 l.
1136 2114 1166 2172 p.
1187 2093 1251 2165 154,
1268 2092 1318 2151 vix
1339 2091 1406 2150 huic
1420 2091 1571 2151 tribuerim
1583 2093 1693 2172 quippe
1712 2092 1795 2175 cujus

472 2188 546 2248 liber
557 2188 763 2265 Ὀλυμπιονῖκαι
772 2189 928 2270 inscriptus
942 2191 1018 2248 nude
1032 2189 1135 2248 scriem
1150 2190 1293 2248 victorum
1305 2188 1461 2269 praebuissc
1476 2189 1602 2251 videtur.

512 2287 661 2344 hectorem
674 2298 813 2366 praeterea
826 2286 968 2346 monitum
981 2287 1049 2346 volo
1062 2288 1169 2344 factum
1182 2305 1244 2345 esso
1257 2287 1288 2345 in
1302 2285 1499 2366 sequentibus,
1516 2299 1548 2345 ut
1561 2287 1607 2346 his
1623 2287 1700 2346 idom
1715 2289 1794 2365 frag-

473 2394 601 2440 mentum
621 2382 735 2441 duobus
751 2382 823 2443 locis
845 2382 971 2462 positum
990 2381 1160 2444 reperiatur.
1184 2383 1253 2454 Quae
1276 2382 1353 2441 enim
1376 2382 1464 2441 habet
1487 2381 1617 2442 Julianus
1631 2384 1711 2442 Orat.
1734 2385 1792 2452 vu,

473 2497 503 2554 p.
520 2489 576 2549 412
591 2479 692 2539 Petuv.
711 2477 887 2559 imprudenti
907 2479 978 2538 mihi
999 2483 1105 2538 accidit
1128 2492 1161 2537 ut
1176 2483 1239 2559 jam
1254 2478 1371 2557 dialogo
1392 2481 1428 2537 de
1444 2478 1630 2560 Philosophia
1650 2481 1795 2560 adscripta

475 2573 520 2652 (ir.
535 2587 572 2654 49
585 2574 627 2654 d),
639 2575 742 2634 iterum
757 2576 891 2656 Epistolis
905 2577 1062 2637 tribuerem
1076 2576 1123 2656 (lr.
1138 2575 1222 2657 642).
1235 2578 1315 2636 ldem
1328 2595 1410 2635 error
1420 2577 1589 2636 commissus
1609 2591 1652 2637 cst
1666 2577 1697 2636 in
1709 2576 1794 2635 Plinii

472 2671 538 2729 loco
557 2672 629 2730 flist.
651 2673 714 2732 Nat.
736 2674 772 2745 ll,
790 2696 854 2744 101,
870 2675 921 2754 qui
938 2675 1022 2734 simul
1033 2675 1065 2733 in
1078 2673 1269 2734 Problc'matis
1282 2674 1410 2755 physicis
1436 2674 1484 2756 (sr.
1503 2675 1571 2754 350)
1587 2689 1617 2735 ct
1631 2676 1662 2734 in
1677 2676 1711 2733 iis
1730 2694 1795 2754 quae

471 2767 643 2828 medicinam
660 2781 790 2847 spectant
802 2769 850 2845 (ir.
868 2769 935 2848 365)
951 2772 1140 2850 conspicitur.
