4134 6134
341 413 381 472 ³0
883 401 1131 464 ARISTOTELIS
1151 397 1399 462 FRAGMENTA.

341 543 478 623 adjungat
491 543 549 611 τοθς
571 541 636 621 ὑπὲρ
650 543 701 600 τῶν
725 535 855 610 ποιήσεων
875 535 974 596 τοίτων
995 537 1117 615 (tragos-

341 633 419 692 dium
434 645 463 692 et
474 631 647 694 comediam
661 627 746 707 scil.)
763 624 920 706 Ιγωνιστοίς,
934 625 965 686 id
981 639 1025 688 est
1036 625 1115 684 Peri·

342 722 493 800 pateticos.

506 886 560 948 ΙΙΙ.
582 887 673 948 ΠΕΡΙ
695 883 949 946 ΦΙΛΟΣΟΦΙΑΣ.

380 1056 465 1128 Quod
488 1041 665 1132 liernapsius
679 1053 715 1112 de
740 1051 885 1129 dialogice
909 1050 1001 1107 fornia
1023 1046 1115 1105 libro·

341 1167 419 1218 rum,
431 1143 483 1222 qui
504 1143 535 1204 in
548 1144 646 1223 prima
659 1153 742 1219 purte
758 1139 865 1199 indicis
879 1136 1019 1215 Diogenis
1040 1133 1074 1195 L.
1088 1147 1117 1193 et

341 1231 488 1312 Anonymi
504 1242 694 1293 recensentur
713 1228 851 1304 (Diogen.
873 1224 1018 1295 inerti,
1039 1225 1116 1282 Ano·

341 1345 420 1404 nym.
456 1329 489 1400 33
522 1323 560 1386 ci.
590 1315 795 1377 Dschemalud.
822 1315 878 1390 3),
906 1325 988 1372 mute
1018 1311 1115 1390 suspi-

341 1427 521 1486 euaserat,
545 1408 595 1484 id,
620 1403 700 1482 quod
725 1402 761 1460 ad
792 1400 885 1461 libros
908 1397 969 1477 περ)
993 1398 1115 1459 Φιλοσο·

341 1503 400 1580 φίας
422 1501 541 1570 attinet,
567 1491 756 1555 verissimum
789 1507 867 1559 csse,
893 1507 971 1548 nunc
1003 1485 1115 1546 diserto

341 1590 484 1650 Prisciani
511 1579 680 1667 philosophi
706 1576 872 1652 testimonio
896 1573 1114 1654 comprobatur.

343 1679 376 1738 ln
406 1659 577 1757 prelatione
606 1669 684 1728 enim
709 1665 908 1738 Quaestionum
933 1659 1114 1722 Naturalium

343 1770 378 1828 ad
401 1766 560 1826 chosroem
583 1761 735 1818 Persarum
758 1771 872 1829 regem,
890 1750 1019 1830 primum
1037 1748 1116 1807 edita

342 1878 401 1916 av.
421 1855 458 1914 ct.
473 1850 648 1923 Quietem,
670 1842 864 1918 Bibliotheque
882 1843 919 1898 ae
943 1829 1050 1896 cmm
1066 1841 1116 1895 aes

343 1947 468 2012 Chartes,
491 1943 521 2000 3·
534 1944 622 2007 se'rie,
642 1948 662 1994 t.
681 1931 729 2004 IV,
750 1952 778 2010 p.
794 1931 861 2003 nhil,
875 1927 982 1987 deinde
998 1947 1016 1986 a
1031 1925 1116 1984 Dtib-

341 2054 423 2104 nero,
442 2033 474 2091 in
492 2029 609 2088 Plotino
623 2024 670 2084 etl.
690 2021 779 2080 Didot
797 2021 835 2078 ad
856 2017 975 2090 calcem,
997 2017 1060 2075 lucc
1080 2013 1117 2073 de

342 2119 471 2180 lontibus
499 2114 560 2174 suis
584 2111 695 2191 posuit,
721 2129 751 2186 p.
784 2107 841 2166 553
863 2125 872 2165 r
897 2109 945 2163 lix
969 2107 1117 2162 Platonico

341 2219 415 2269 enim
433 2209 541 2264 Timoeo
563 2202 759 2273 Phcedoneque
779 2208 809 2252 et
830 2195 957 2254 Phaedro
969 2206 997 2250 et
1010 2193 1117 2250 Politia

342 2314 371 2356 et
386 2301 453 2354 aliis
476 2289 697 2350 convenientibus
715 2284 950 2361 disputationibus
970 2293 1116 2356 assumpta

342 2401 426 2462 atque
445 2377 574 2454 confecta
587 2389 661 2445 sunl,
677 2389 706 2430 et
725 2373 881 2430 actionibus
891 2365 1112 2451 (πραγματείαις)

343 2474 497 2534 Aristotelis
522 2466 684 2543 dephysica
699 2477 726 2520 et
743 2465 779 2518 de
799 2463 871 2518 coelo
884 2472 913 2516 et
934 2461 970 2516 de
990 2477 1115 2534 gersem-

342 2572 416 2621 tionc
431 2575 459 2618 et
475 2561 646 2638 corruptione
659 2566 688 2610 ct
710 2549 858 2627 μετεώρων,
869 2550 1000 2604 similiter
1009 2566 1116 2624 quoquc

342 2673 380 2707 es·
402 2651 448 2706 his
461 2665 524 2724 quoe
543 2655 607 2700 suut
627 2643 663 2696 dc
683 2658 779 2696 somno
799 2649 828 2693 et
840 2641 955 2693 somniis
975 2648 1002 2690 et
1019 2654 1057 2691 ex
1074 2635 1116 2691 his

341 2760 407 2816 (ματα
416 2741 539 2814 quartia
554 2732 677 2806 dialogis
689 2731 792 2803 scripta
807 2737 871 2782 sum
881 2727 918 2780 cle
936 2724 1116 2800 philosophia

341 2844 369 2886 et
388 2830 424 2884 de
447 2825 569 2884 mundis.
589 2816 646 2878 Sed
673 2833 725 2874 nec
748 2814 804 2872 hoc
823 2832 897 2892 opus
912 2812 1005 2872 iuuat
1028 2831 1115 2888 argu·

341 2927 456 2990 mento,
480 2924 511 2971 ut
530 2910 648 2969 illorum
673 2900 759 2964 error
782 2913 962 2978 argueretur,
984 2900 1053 2978 qui,
1083 2913 1116 2960 ut

340 3005 411 3064 olim
426 3005 529 3064 Petrus
550 2997 675 3066 Marsus,
695 2991 774 3052 Sam.
790 2990 902 3050 Petitus
926 2992 1113 3066 (Miscellan,

341 3095 360 3150 l.
383 3089 435 3162 lv,
459 3095 507 3167 9),
528 3085 650 3146 Buhlius
678 3080 729 3163 (cle
752 3084 869 3140 Aristus.
895 3081 971 3137 libris
983 3081 1113 3156 deperd„

341 3201 370 3258 p.
396 3173 572 3255 1ot‚110],
595 3173 709 3234 Tiuius
732 3169 784 3249 [cle
804 3173 916 3228 Aristot.
941 3171 1005 3228 libr.
1032 3175 1113 3237 serie,

341 3288 372 3346 p.
389 3275 439 3338 ηις,
455 3264 524 3338 84),
537 3260 696 3319 novissime
709 3268 802 3315 autem
818 3253 971 3314 Krischius
982 3253 992 3334 i
1002 3257 1115 3312 Forsch.

340 3354 395 3426 arcs
403 3356 467 3410 dem
476 3347 591 3408 Gebiete
602 3349 653 3402 cler
661 3347 713 3406 ult.
721 3344 839 3412 ritus..
854 3360 884 3420 p.
892 3342 950 3400 263
963 3343 1054 3421 sqq.)‚
1066 3344 1116 3402 de·

343 3451 504 3499 monstrare
520 3433 647 3512 aggressi
660 3444 738 3504 sunt,
753 3429 840 3488 hosce
850 3428 943 3490 libros
954 3431 1015 3510 περί
1029 3433 1114 3492 Φιλο.

342 3529 434 3610 σοφίας
459 3528 497 3588 iis
511 3523 673 3595 contineri,
689 3522 741 3600 qui
762 3519 850 3580 hodie
869 3517 946 3578 birth
965 3519 1000 3579 sb
1016 3521 1116 3601 pisculi

342 3617 555 3690 inscribuntur,
581 3631 671 3690 quum
695 3610 770 3670 nihil
795 3628 910 3682 eorum,
933 3628 999 3686 quae
1023 3624 1056 3669 ut
1078 3631 1115 3670 ox

341 3726 428 3783 opere
445 3704 482 3764 de
502 3699 692 3779 Philosophia
714 3700 867 3778 desumpta
883 3697 1058 3771 aileruntur,
1080 3701 1114 3760 in

1171 553 1231 592 uon
1253 532 1387 592 diversos
1410 530 1508 588 iuisse.
1522 528 1558 588 ln
1577 549 1638 607 quo
1661 528 1723 590 iliis
1747 529 1850 588 fraudi
1880 529 1956 604 init,

1170 620 1250 698 quod
1268 639 1331 678 non
1350 617 1421 678 satis
1439 616 1515 678 bene
1531 630 1744 695 perspexerim
1760 617 1956 676 Aristotelem

1172 727 1233 772 nott
1252 705 1291 766 tle
1304 705 1437 788 proprio·
1450 704 1577 783 quodam
1601 703 1735 783 scripto,
1757 705 1810 765 sed
1831 704 1876 763 de
1892 705 1957 764 Pla·

1169 794 1276 854 tunicis
1296 793 1334 854 de
1351 793 1434 852 Bono
1456 790 1644 852 sermonibus
1663 791 1793 851 locutum
1815 811 1903 852 esse.
1915 793 1956 850 tte

1170 880 1301 946 hisvero
1313 893 1414 961 postea
1432 880 1596 942 accuratius
1610 879 1772 940 videndum
1785 883 1858 953 erit,
1873 901 1955 939 nunc

1166 969 1228 1046 jam
1243 970 1280 1029 ari
1294 969 1371 1032 banc
1384 970 1471 1032 aliam
1488 967 1662 1030 mcdamus
1680 970 1898 1047 quastionem,
1914 972 1956 1048 ip-

1168 1077 1235 1116 sene
1242 1058 1413 1118 Aristoteles
1421 1059 1454 1118 in
1466 1055 1674 1136 superstitibus
1684 1056 1772 1117 libris
1783 1059 1907 1136 dialogi
1921 1059 1954 1119 de

1169 1145 1360 1226 Philosophia
1384 1145 1561 1204 mentionem
1582 1145 1683 1204 lecerit
1704 1165 1805 1206 necne.
1829 1147 1881 1204 De
1902 1147 1954 1204 hac

1169 1238 1265 1284 autem
1278 1245 1311 1284 re
1331 1224 1413 1285 nulla
1428 1224 1551 1284 fortasse
1565 1222 1712 1284 dubitatio
1723 1237 1812 1298 esset,
1835 1227 1902 1284 nisi
1917 1225 1952 1284 ab

1170 1313 1244 1391 ipsis
1256 1312 1426 1392 philosophi
1445 1311 1656 1392 interpretibus
1681 1311 1873 1390 injiceretur,
1895 1335 1953 1374 uno

1170 1420 1231 1472 ore,
1243 1414 1364 1481 excepto
1378 1399 1553 1473 Themistio,
1569 1398 1787 1460 affirmantibus
1798 1402 1831 1460 in
1846 1401 1950 1460 uerbis

1170 1490 1337 1552 Aristotelis
1351 1487 1453 1549 Nutur.
1469 1489 1612 1561 bustula,
1635 1488 1674 1561 ll,
1694 1492 1755 1566 η)
1778 1511 1816 1548 ro
1840 1511 1848 1548 :
1865 1495 1951 1569 Διχῶς

1169 1576 1264 1657 γὰρτὸ
1277 1568 1308 1636 ol
1321 1576 1410 1639 Ινικα·
1423 1574 1526 1655 ιίρηται
1543 1576 1570 1636 ll
1584 1579 1611 1636 is
1625 1577 1753 1658 τοῖςπερὶ
1766 1579 1948 1657 Φιλοσοφίας,

1170 1662 1204 1722 sb
1221 1664 1283 1746 περὶ
1298 1664 1461 1746 Φιλοσοφίας
1481 1663 1555 1724 nibil
1581 1664 1662 1724 aliud
1685 1663 1836 1742 designari
1864 1685 1948 1744 quam

1170 1752 1301 1812 lithicam
1317 1752 1353 1812 sd
1370 1751 1577 1812 Nicomachum
1591 1753 1749 1833 scriptam;
1761 1752 1800 1813 ci.
1811 1753 1948 1832 simplic.

1169 1840 1298 1904 intriu.
1309 1840 1444 1918 Physic„
1456 1841 1478 1904 Ι.
1487 1842 1536 1914 67,
1549 1859 1646 1914 verso,
1654 1841 1762 1902 loautt·
1775 1841 1948 1921 Philopon.‚

1171 1929 1192 1989 Ι.
1216 1949 1247 2008 p.
1278 1929 1332 2006 15,
1349 1927 1450 1988 Schol.
1470 1928 1537 1992 cod.
1568 1929 1662 1991 Paris.
1696 1950 1728 1991 n.
1754 1939 1851 2006 1947,
1874 1930 1948 2008 apud

1171 2017 1306 2078 Brundis.
1336 2036 1366 2094 p.
1389 2018 1460 2092 349,
1483 2015 1524 2089 b,
1548 2037 1599 2078 αα.
1622 2016 1716 2088 Quem
1735 2035 1870 2076 errorem
1894 2037 1947 2076 non

1170 2104 1289 2164 aliunde
1302 2116 1403 2162 natum
1418 2115 1504 2182 puto,
1513 2123 1603 2182 quum
1615 2123 1633 2164 e
1644 2103 1753 2180 serbis,
1769 2125 1837 2182 quar
1849 2110 1884 2164 in
1897 2107 1947 2165 Pa·

1169 2191 1301 2271 raphrasi
1315 2191 1415 2270 posuit
1426 2188 1617 2263 Themistius,
1632 2191 1684 2253 iol.
1705 2199 1743 2261 st
1761 2210 1850 2254 verso
1867 2215 1877 2251 ε
1896 2192 1945 2253 Καὶ

1167 2279 1208 2340 ὅτι
1222 2280 1303 2358 διχῶς
1323 2278 1482 2346 siccitatis
1505 2279 1559 2346 τοῖς
1571 2279 1690 2347 Ἠθικοῖς
1708 2281 1763 2362 (ci.
1789 2281 1858 2340 Eth.
1882 2282 1942 2342 iiic.

1170 2368 1213 2428 in.
1223 2367 1235 2448 )
1244 2368 1360 2446 λέγεται,
1376 2367 1412 2425 ad
1425 2367 1619 2444 praecedentia
1637 2369 1715 2447 sputi
1728 2369 1944 2450 philosophum,

1168 2459 1191 2519 l.
1206 2456 1227 2518 l.
1243 2455 1322 2534 ίσμΙν
1342 2455 1394 2537 γάρ
1407 2479 1464 2523 πως
1483 2455 1530 2516 καί
1542 2459 1619 2534 ἡμεῖς
1635 2457 1723 2534 τέλος,
1737 2459 1945 2536 spectantibus,

1169 2564 1231 2604 non
1252 2562 1323 2602 sero
1342 2541 1378 2602 ad
1392 2544 1542 2620 sequentia
1556 2543 1658 2624 εἴρηται
1671 2543 1700 2604 δὲ
1714 2545 1741 2604 lv
1752 2545 1807 2612 τοῖς
1818 2545 1881 2626 περ)
1898 2548 1946 2608 Φι·

1167 2631 1308 2714 λατομίας,
1322 2651 1387 2709 quae
1407 2632 1440 2690 in
1457 2632 1518 2691 suis
1537 2631 1626 2692 libris
1649 2653 1710 2692 non
1734 2634 1888 2694 invenisse
1900 2636 1943 2694 si·

1170 2723 1256 2780 detur
1272 2719 1464 2794 Themistius,
1486 2740 1577 2800 quum
1598 2721 1681 2780 nulla
1692 2713 1815 2782 illorum
1836 2725 1870 2782 in
1884 2723 1946 2800 ejus

1169 2809 1346 2890 Paraphrasi
1361 2809 1473 2869 mentio
1492 2822 1639 2871 occurrat.
1653 2810 1738 2880 Quod
1753 2810 1850 2887 igitur
1859 2812 1945 2870 innu-

1170 2897 1258 2958 meris
1280 2897 1354 2957 locis
1370 2898 1403 2956 in
1421 2895 1591 2977 philosophi
1613 2895 1702 2956 libris
1718 2898 1823 2956 iactum
1845 2913 1903 2973 est,
1919 2913 1945 2958 et

1169 2983 1219 3044 hic
1232 2985 1372 3048 accidisse
1385 2985 1484 3059 credo,
1512 2997 1541 3045 et
1554 2983 1673 3063 quidem
1690 2986 1743 3063 ita,
1756 3000 1788 3047 ut
1805 2987 1868 3046 illis
1887 2987 1945 3065 περί

1169 3073 1333 3157 Φιλοσοφίας
1356 3074 1554 3154 bletaphysica
1576 3074 1811 3155 designarentur,
1837 3079 1943 3136 omisso

1170 3165 1289 3226 fortasse
1303 3163 1395 3224 serbo
1416 3160 1541 3242 πρώτης,
1555 3162 1635 3242 quod
1648 3163 1681 3221 in
1700 3163 1778 3234 lsco,
1796 3163 1888 3246 simili
1902 3165 1944 3223 in·

1170 3253 1374 3332 terpolationis
1394 3251 1557 3330 suspicioni
1582 3249 1733 3325 obnoxio,
1759 3253 1797 3312 de
1819 3254 1941 3312 Animal.

1170 3342 1310 3416 motione,
1322 3363 1351 3402 c.
1366 3342 1384 3400 6
1396 3339 1593 3416 inir.,1egitur
1612 3361 1621 3399 :
1635 3340 1707 3421 Πιρί
1719 3339 1767 3419 μίν
1780 3349 1829 3402 τοῦ
1840 3341 1942 3422 πρώτω

1169 3429 1320 3508 amplios
1328 3428 1374 3490 asi
1382 3425 1423 3487 cisi
1432 3426 1596 3503 κινουμένου,
1605 3428 1652 3488 καὶ
1661 3432 1719 3496 πῶς
1726 3437 1794 3488 ιιινεί
1804 3430 1836 3490 τὸ
1846 3433 1944 3509 πρῶτον

1169 3523 1268 3597 κινῶν,
1278 3516 1417 3597 διώρισται
1426 3515 1550 3596 πρότερον
1561 3515 1589 3576 ἰν
1600 3523 1653 3584 τοῖς
1666 3517 1727 3597 περὶ
1739 3516 1850 3598 πρώτης
1859 3522 1942 3580 Φιλο-

1170 3607 1272 3690 σοφίας.
1284 3607 1368 3669 Talis
1387 3625 1457 3666 vero
1468 3603 1580 3664 fraudis
1593 3605 1785 3666 multoeciam
1804 3609 1944 3668 illustrius

1169 3695 1338 3776 suppeditat
1360 3693 1526 3772 exemplum
1540 3693 1706 3773 Asclepius,
1726 3697 1778 3774 qui
1801 3697 1834 3756 in
1855 3697 1944 3756 intro·

341 3797 387 3856 his
411 3794 538 3854 inveniri
551 3791 653 3871 possit.
670 3788 735 3848 Non
747 3791 839 3865 magis
858 3787 956 3859 enim,
971 3800 1004 3846 ut
1020 3787 1115 3850 tribus
1169 3786 1308 3847 ductione
1320 3785 1357 3844 ad
1368 3782 1578 3862 Metaphysica,
1592 3804 1625 3862 p.
1642 3783 1714 3861 519,
1726 3783 1759 3856 b,
1778 3805 1815 3861 19
1828 3785 1942 3856 Brund..

341 3901 451 3948 tantum
464 3882 552 3943 modo
564 3879 707 3959 exemplis
716 3878 869 3954 defungar,
878 3877 916 3936 de
928 3874 1038 3954 Orphei
1052 3896 1116 3937 car·
1169 3898 1206 3938 ex
1225 3875 1387 3953 analyticis
1408 3871 1623 3954 posterioribus
1645 3871 1708 3932 hac
1734 3872 1828 3932 uerba
1847 3875 1944 3944 allen,

340 3973 482 4044 minibus,
499 3967 635 4049 quamde
650 3979 769 4027 auctore
783 3965 944 4026 notissimae
957 3964 1035 4024 illius
1049 3984 1115 4024 serr·
1173 3994 1186 4024 α
1209 3964 1261 4032 Ὦς
1285 3962 1389 4046 εἴρηταί
1407 3985 1452 4041 μοι
1477 3963 1505 4022 ίν
1531 3969 1586 4030 τοῖς
1605 3961 1668 4044 περί
1691 3961 1785 4042 σοφίας
1806 3963 1910 4042 λόγοις,
1929 3993 1941 4015 ι

341 4063 436 4122 tentiae
447 4063 535 4122 Τνῶθι
547 4054 666 4128 σεαυτὸν,
682 4052 782 4114 uut'de
791 4053 884 4129 lliagis
898 4051 1117 4130 antiquioribus
1170 4073 1308 4134 quorum,
1327 4067 1362 4112 ut
1378 4071 1444 4115 cttm
1458 4051 1588 4111 Varrone
1601 4049 1717 4129 loquar,
1738 4069 1793 4110 nec
1813 4051 1885 4110 vola
1896 4071 1944 4110 nec

341 4169 425 4226 quam
442 4145 587 4225 AEgyptiis
604 4143 656 4221 [oi.
671 4142 748 4200 inha
763 4140 800 4200 fr.
818 4161 851 4211 1,
867 4141 901 4212 3,
920 4137 969 4217 5),
981 4140 1013 4199 in
1028 4139 1116 4199 bleta·
1169 4144 1324 4222 vestigium
1335 4141 1368 4202 in
1387 4141 1495 4203 nostris
1509 4139 1595 4202 libris
1607 4140 1746 4200 occurrit.

341 4235 469 4313 physicis
483 4234 600 4295 locutus
615 4243 660 4290 est
673 4226 877 4308 philosophus.
897 4227 957 4286 Nec
972 4227 998 4286 is
1020 4241 1116 4289 tamen
1209 4233 1241 4292 si
1263 4231 1324 4290 haec
1335 4248 1405 4290 vere
1418 4249 1436 4288 a
1449 4227 1543 4291 nobis
1552 4229 1703 4307 disputata
1715 4239 1797 4300 sunt,
1817 4229 1945 4306 sequitur

341 4323 420 4382 sotus
435 4341 518 4384 error
537 4332 579 4379 est
592 4319 624 4383 iu
637 4337 697 4397 quo
712 4317 795 4376 multi
814 4315 1008 4389 venaticum,
1024 4315 1118 4375 sedet
1170 4317 1257 4392 inde,
1283 4333 1316 4380 ut
1339 4337 1401 4378 non
1432 4321 1526 4393 magis
1554 4317 1667 4393 dialogi
1691 4317 1728 4376 de
1757 4315 1944 4393 Philosophia

342 4414 372 4470 in
386 4413 510 4470 similem
529 4409 616 4488 plane
633 4406 791 4468 nonnullos
805 4405 986 4472 induxerunt
997 4405 1118 4485 Simpli·
1171 4424 1258 4482 quam
1283 4417 1447 4466 ceterorum
1470 4405 1610 4466 disertam
1634 4405 1741 4467 iecisse
1766 4405 1944 4464 mentionem

343 4499 405 4558 cius
419 4511 449 4559 et
468 4497 595 4556 loannes
614 4495 810 4573 Philoponus.
834 4493 887 4552 Ex·
899 4494 937 4557 iis
958 4494 1038 4554 enim
1051 4515 1117 4573 qua
1171 4495 1343 4556 Aristoteles
1357 4493 1503 4573 putandus
1516 4495 1566 4566 sit,
1588 4495 1640 4554 vix
1661 4496 1741 4554 euim
1760 4511 1836 4571 opus
1855 4507 1945 4552 estut

344 4587 387 4645 illi
409 4587 446 4646 nd
466 4583 633 4645 Aristotelis
647 4582 747 4655 verba,
760 4582 797 4642 de
811 4582 934 4660 Anima,
946 4582 970 4655 l,
991 4603 1020 4655 α,
1042 4585 1115 4660 §72
1171 4599 1316 4654 moneam,
1337 4582 1437 4642 iulmm
1456 4601 1521 4642 esse
1543 4582 1663 4642 illosum
1681 4582 1878 4662 opinionem,
1898 4582 1946 4660 qui

342 4673 457 4750 Ὁμοίως
473 4671 501 4732 δὲ
514 4671 559 4731 καί
573 4673 601 4732 ίν
613 4679 665 4738 τοῖς
678 4672 739 4750 περὶ
757 4669 920 4750 Φιλοσοφίας
934 4670 1118 4751 [λεγομένοις]
1170 4669 1261 4731 verba
1271 4671 1443 4750 philosophi
1455 4670 1492 4730 de
1505 4668 1945 4749 Pott.tnim.,1,1o·(p.223,

343 4760 467 4839 διωρίσθη
490 4759 573 4839 [scil.
596 4763 614 4830 ἡ
636 4757 739 4840 ψυχὴ),
755 4757 982 4836 adscripserunt,
1006 4757 1118 4835 primus
1172 4759 1227 4835 3ο)
1240 4780 1248 4819 :
1259 4757 1339 4827 Ἰσως
1353 4761 1376 4818 δ’
1390 4760 1421 4818 ἄν
1437 4781 1475 4825 τις
1483 4757 1634 4839 ἀπορήσειε,
1645 4758 1724 4818 ποίαν
1736 4758 1860 4837 λέγουσιν
1871 4757 1947 4835 ἀνάγ·

344 4849 394 4908 ΙοΙ.
410 4849 544 4906 bverso:
560 4844 799 4927 ΙΙερΙΦιλοοοφίας
814 4843 861 4922 μὲν
876 4847 922 4904 νῦν
933 4843 1004 4922 λέγει
1012 4844 1047 4903 τὰ
1057 4847 1118 4926 περί
1171 4870 1220 4922 εην
1243 4850 1267 4906 oi
1278 4846 1396 4926 λίγοντες
1409 4845 1436 4916 ἐξ
1450 4846 1574 4926 ἀνάγκης·
1589 4849 1641 4906 τῶν
1657 4846 1705 4922 μίν
1717 4845 1770 4928 γὺρ
1786 4844 1833 4906 δύο
1845 4847 1948 4926 τρόποιν
2020 4836 2021 4893 l

342 4941 469 5015 τάγαθοῦ,
486 4938 559 4998 alter
572 4955 652 5008 vero,
671 4935 692 4995 Ι.
714 4933 748 5005 C,
771 4957 783 4992 1
810 4953 895 4994 uerso
911 4956 919 4992 τ
934 4931 979 4996 ΤΙι
992 4934 1053 5013 περὶ
1070 4937 1118 4994 ταί·
1171 4934 1306 5018 οὖδίτιρον
1331 4925 1408 4996 οἷίνθ
1422 4935 1563 5016 ὑπάρχειν,
1578 4936 1631 4994 τῶν
1655 4934 1832 5016 διωρισμένων
1849 4937 1877 4994 ἐν
1897 4943 1948 5000 τοῖς

342 5032 423 5107 prisii
437 5025 634 5108 ἐπιγραφόμενα
651 5022 713 5104 περ)
725 5022 888 5106 Φιλοσοφίας
900 5023 984 5103 λίγει,
997 5038 1062 5085 orta
1074 5039 1119 5087 est
1172 5022 1242 5083 κατὰ
1255 5021 1420 5105 φιλοσοφίαν,
1438 5025 1481 5084 ita
1493 5024 1643 5102 accipiunt
1653 5025 1739 5102 quasi
1758 5023 1797 5082 de
1809 5023 1898 5086 libris
1910 5023 1946 5080 de
2020 5054 2021 5093 γ

343 5119 421 5197 apud
433 5119 540 5178 multos
550 5114 663 5194 opinio,
674 5112 768 5174 libros
781 5113 945 5173 Aristotelis
957 5115 1017 5195 περί
1031 5115 1118 5174 utilo-
1172 5112 1363 5190 Philosophia
1375 5113 1549 5190 conscriptis
1559 5131 1657 5172 sermo
1672 5112 1762 5171 lieret.
1776 5111 1858 5183 Quid
1869 5113 1946 5171 enim
2020 5112 2021 5125 ¹

344 5204 437 5285 σοφίας
457 5204 495 5264 ab
509 5205 547 5263 lis
555 5247 565 5281 ‚
579 5203 630 5282 qui
645 5201 706 5282 περὶ
726 5203 840 5281 τάγαθοῦ
864 5201 999 5280 inscripti
1015 5215 1135 5280 erant,
1172 5202 1232 5263 sint
1242 5199 1276 5263 et
1288 5201 1358 5262 assi
1368 5200 1520 5282 φιλοσοφίαν
1533 5199 1692 5280 θιωρισμίνα
1705 5200 1863 5278 optimeex
1873 5219 1949 5260 corn·
