4134 6134
347 437 404 500 196

347 563 535 646 ἀπεγράφησαν
549 559 609 642 δίχα
623 562 765 638 προοιμίων
786 562 832 620 καὶ
856 561 981 639 ἐπιλόγων
1003 561 1049 619 καὶ
1071 565 1117 631 τῆς

345 650 494 732 πρεπούσης
510 651 641 710 triticeos
659 649 849 726 ἀπαγγελίας),
874 647 922 707 hic
951 667 1033 720 vero,
1055 668 1118 707 rec·

347 743 415 812 tius,
432 752 463 797 ut
477 737 614 815 conjicio,
633 736 701 816 (28)
723 757 730 794 ι
758 735 920 812 Συμμίκτων
936 733 1117 810 Ζητημάτων,

347 827 397 895 stt,
407 825 441 891 h<
452 848 527 904 pirou
540 822 668 902 Εὔκαιρος
680 827 693 880 δ
705 823 832 894 ἀκουστὴς
842 825 930 881 αὐτοῦ.
940 823 1012 882 Sunt
1024 838 1117 883 autem

346 916 376 973 hi
389 914 477 973 iidem
488 914 588 991 procul
600 912 690 970 dubio
700 911 782 983 libri,
790 913 841 989 qui
849 927 877 970 et
884 911 959 990 apud
968 913 1050 970 illum
1060 933 1118 970 me-

345 1003 450 1060 morati
459 1012 551 1073 erant,
564 1019 648 1078 quem
660 1014 774 1058 secutus
783 1012 826 1058 est
837 1000 978 1075 Diogenes
986 999 1118 1058 Laertius

346 1087 382 1162 V,
398 1091 433 1146 32
449 1085 513 1147 2'Er
525 1095 612 1154 τετοῑς
625 1090 740 1166 φυσικοῖς
755 1089 995 1163 αἰτιολογικώτατος
1012 1087 1116 1144 πάντων

350 1176 450 1253 ἐγένετο
470 1175 598 1251 posticia,
619 1173 688 1234 ὥστε
700 1173 744 1232 καί
763 1175 822 1252 περὶ
843 1181 895 1234 τῶν
910 1173 1054 1253 ἐλαχίστων
1072 1174 1118 1240 τδις

348 1263 432 1328 αίτίας
452 1262 610 1321 ἀποδιδόναι·
627 1259 715 1341 διόπερ
731 1259 776 1318 καὶ
794 1265 838 1320 οὐκ
857 1261 932 1339 ὀλίγα
946 1260 1035 1338 βιὸλία
1056 1285 1116 1320 συν-

346 1351 442 1430 έγραψε
456 1353 571 1426 φυσικῶν
591 1349 875 1427 ὓπομνημονευμάτων.

385 1440 427 1496 De
447 1440 492 1496 his
516 1439 606 1514 igitur
630 1438 669 1495 ita
690 1437 871 1496 statuendum
892 1455 954 1495 esse
977 1437 1115 1508 arbitror,

347 1547 405 1585 non
421 1527 504 1604 quasi
525 1543 652 1602 unquam
672 1543 757 1582 omne
779 1524 834 1582 hoc
858 1543 948 1600 genus
973 1523 1116 1583 librorum

346 1615 493 1672 communi
507 1612 671 1688 Ζητημάτων
694 1613 810 1669 nomine
829 1611 999 1690 inscriptum
1018 1613 1118 1672 fuisset

353 1700 489 1780 (Galenus
503 1699 592 1770 enim,
608 1718 697 1774 quum
716 1699 756 1756 De
776 1699 900 1777 simplic.
915 1699 1020 1757 medic.
1034 1697 1056 1759 l.
1075 1698 1112 1772 11,

345 1807 374 1865 p.
398 1796 467 1859 hil,
490 1785 652 1844 Aristotelis
667 1798 696 1843 et
714 1784 905 1864 Theophrasti
921 1783 1018 1864 poculi
1033 1784 1118 1857 ζητή-

345 1895 417 1949 ματα
432 1873 572 1944 nominat‚
585 1885 681 1948 aperte
694 1891 752 1929 non
765 1871 906 1930 librorum
920 1873 1036 1930 titulum
1050 1891 1116 1949 pro·

345 1961 439 2041 tulit),
464 1961 513 2020 sed
538 1961 638 2038 procul
662 1959 753 2019 dubio
768 1959 915 2018 Eucaerum
938 1961 1036 2031 illum,
1057 1978 1116 2017 non

346 2051 440 2108 minus
452 2051 581 2126 ignotum
598 2049 766 2124 ceteroquin
779 2047 936 2118 hominem,
945 2067 1031 2124 quam
1046 2047 1116 2103 Dia-

328 2167 331 2171 ·
346 2139 463 2206 1·enr,ad
480 2157 564 2214 quem
581 2137 716 2214 epistolas
731 2137 881 2214 scripsisse
896 2134 987 2193 lertur
1002 2135 1116 2193 Aristo·

340 2223 436 2293 teies,
448 2223 488 2280 ita
502 2243 642 2281 summam
657 2225 788 2281 omnium
804 2223 945 2281 librorum
962 2222 1114 2295 indicasse,

349 2315 378 2372 in
394 2311 502 2390 quibus
517 2313 614 2369 varias
628 2311 802 2388 quaestiones
826 2321 997 2368 tractaverat
1019 2308 1116 2388 philo·

347 2400 466 2476 sophus.
485 2398 558 2456 lllud
570 2400 660 2472 igitur
673 2424 685 2447 a
709 2399 838 2476 φυσικῶν,
859 2423 870 2446 ν
888 2396 966 2473 quod
982 2395 1113 2454 additum

345 2486 488 2562 reperitur
503 2485 533 2542 in
551 2483 616 2540 viia
630 2484 785 2554 Marciana,
814 2503 871 2540 nou
893 2483 985 2558 magis
1009 2501 1115 2557 urgen-

345 2573 413 2631 dum
425 2586 476 2644 est,
492 2592 577 2650 quam
591 2573 669 2649 quod
678 2573 709 2630 in
725 2573 809 2630 titulo
820 2583 926 2629 nostrae
938 2571 1116 2628 collectionis

346 2660 561 2720 Problematum
597 2679 613 2716 a
642 2660 789 2736 plerisque
825 2657 975 2718 codicibus
1002 2658 1115 2737 praebe-

345 2762 392 2808 tur
410 2748 459 2828 (ι),
476 2750 584 2826 quippe
598 2767 738 2824 qutenon
761 2748 895 2824 physicas
915 2747 1115 2804 tantummodo

345 2836 519 2912 quaestiones
538 2835 675 2894 continet.
702 2833 745 2891 Ab
770 2836 826 2892 isto
843 2853 914 2892 vero
935 2832 1115 2893 1111111ιὶ-

346 2925 465 2983 brorum
491 2943 625 2994 numero,
643 2936 674 2979 ut
686 2936 713 2982 et
726 2922 783 2980 hoc
795 2922 907 3000 addam,
923 2942 982 2980 non
992 2923 1114 2981 multum

345 3011 489 3090 discrepat
510 3031 610 3070 eorum
636 3029 766 3088 summa,
788 3031 862 3087 qnos
880 3030 974 3069 meras
996 3010 1115 3068 Proble-

346 3113 452 3157 matum
468 3099 652 3157 collectiones
675 3099 763 3156 luisse
785 3097 939 3176 probabile
962 3111 1016 3155 est.
1041 3096 1115 3155 Sunt

346 3200 438 3246 autern
456 3187 499 3259 hi,
516 3187 567 3263 qui
576 3185 655 3262 apud
677 3187 835 3262 Diogenem
852 3185 999 3244 Laertium
1015 3185 1083 3242 inde
1098 3205 1115 3243 a

349 3295 403 3348 ¹09
437 3273 472 3330 ad
514 3275 567 3330 125
602 3286 817 3342 enumerantur,
851 3293 974 3349 quorum
1003 3291 1115 3330 summa

348 3360 464 3419 vattt
491 3350 607 3418 coniicit
640 3360 799 3418 volumina.
826 3359 932 3418 Eorum
961 3379 1114 3417 numerum

347 3467 534 3527 permagnum
557 3448 660 3518 fuisse,
682 3448 735 3506 etsi
759 3467 816 3504 nou
832 3447 968 3519 deliniat,
995 3460 1115 3506 testatur

346 3555 463 3614 quoque
476 3534 626 3614 Apuleius,
643 3535 705 3612 qui,
721 3553 809 3611 quum
826 3533 1041 3594 irrorationede
1055 3535 1114 3592 lila-

345 3625 392 3700 gia
410 3645 433 3682 c.
457 3626 493 3696 37
517 3623 641 3701 primum
665 3623 777 3680 locutus
792 3635 867 3680 esset
884 3650 895 3672 ι
913 3627 948 3679 dc
960 3627 1113 3700 multijugis

345 3715 529 3770 uoluminibus
549 3715 701 3768 Aristotelis
716 3707 776 3787 περὶ
796 3707 877 3787 Ζῴων
889 3709 1029 3788 γενέσεως,
1052 3711 1113 3790 περὶ

342 3798 423 3880 Ζῴων
439 3800 581 3874 ἀνατομῆς,
592 3798 650 3876 περὶ
665 3797 745 3878 Ζῴων
756 3800 885 3875 ἱστοριῶν,
900 3823 912 3849 ν
931 3797 971 3856 ita
989 3799 1085 3875 pergit
1102 3820 1109 3855 :

347 3915 360 3940 τ
381 3892 523 3946 Proeterea
540 3893 719 3946 Problemata
734 3894 877 3942 innumera
894 3889 1032 3958 ejusdem,
1058 3901 1113 3943 turn

345 3998 382 4033 er:
404 3983 501 4036 eadem
523 3991 597 4034 secta
619 3990 779 4046 ceterorum,
805 3981 834 4030 in
857 3977 953 4049 quihus
974 3978 1005 4030 id
1026 3995 1113 4051 genus

343 4070 428 4120 uaria
441 4078 605 4122 tractantur.
624 4087 636 4114 ν
648 4061 703 4121 Sed
717 4063 777 4120 haec
786 4063 932 4120 hactenus.

384 4151 480 4212 Restat
495 4165 526 4210 ut
538 4154 575 4210 de
587 4153 625 4208 iis
637 4151 709 4209 locis
723 4151 889 4222 videamus,
911 4153 941 4207 in
955 4149 1062 4227 quibus
1077 4149 1113 4208 ab

344 4239 411 4298 aliis
434 4238 627 4318 scriptoribus
646 4237 810 4296 Aristotelis
823 4235 1005 4295 Problemata
1020 4239 1113 4296 nomi·

346 4339 460 4386 uantur.
474 4327 606 4396 Quorum
622 4326 683 4383 haec
694 4338 737 4382 est
749 4324 888 4395 conditio,
904 4338 935 4382 ut
949 4324 1042 4402 major
1054 4325 1114 4384 lere

345 4431 412 4490 pars
423 4413 492 4470 tales
503 4413 673 4488 quaestiones
688 4411 840 4488 respiciat,
855 4429 919 4486 quae
931 4411 961 4469 in
972 4413 1112 4488 supersti-

346 4498 424 4556 tibus
436 4499 521 4557 libris
534 4511 659 4557 tractatae
670 4518 728 4556 non
739 4510 817 4573 sunt,
827 4498 871 4556 vel
880 4497 986 4572 quihus
997 4501 1021 4558 si
1036 4501 1067 4557 in
1078 4501 1115 4559 iis

347 4589 539 4666 reperiuntur,
561 4588 644 4645 aliter
666 4606 835 4664 responsum
854 4599 912 4659 est,
933 4589 973 4645 ita
987 4601 1018 4646 ut
1032 4589 1115 4645 facile

345 4671 494 4748 conjicias,
507 4673 704 4732 collectionem
720 4673 765 4729 vel
779 4672 869 4750 duplo
881 4686 979 4732 nostra
994 4676 1113 4752 amplio-

345 4778 405 4817 renr
421 4759 468 4838 (ci.
485 4761 580 4816 Prantl
595 4765 616 4820 l.
632 4761 654 4819 l.
669 4774 772 4837 etqua
790 4761 921 4818 diximus
934 4762 964 4820 in
973 4762 1052 4820 libro
1062 4767 1116 4818 Die

344 4842 491 4896 verlornen
519 4837 663 4910 Schriften
685 4845 734 4896 ries
758 4847 870 4898 Aristoi.
897 4859 925 4918 p.
947 4842 1012 4912 103,
1040 4841 1114 4917 ss),

346 4926 511 4986 Aristotelis
534 4926 652 4984 nomine
665 4928 734 4985 olim
758 4927 926 5005 inscriptam
944 4930 1041 4990 luisse.
1059 4929 1116 4986 Ce-

377 5149 411 5214 (1)
423 5152 517 5200 Φυσικὰ
526 5149 684 5214 Προὸλὴματα
698 5159 768 5204 codri.
786 5160 849 5216 apud
865 5159 993 5206 liellrerum
1005 5165 1032 5203 ct
1043 5163 1074 5206 lt*
1086 5162 1115 5204 ila

340 5238 373 5284 γι
386 5229 455 5282 retu,
469 5227 573 5284 plerique
583 5227 667 5275 additis
676 5221 728 5270 κατ’
738 5223 798 5278 εἶδος
809 5229 953 5284 curaturi<-

883 429 1125 490 AlllSTOTELIS
1148 430 1393 520 FRAGMENTA.

1171 576 1263 621 terum
1275 581 1312 620 ex
1321 562 1370 634 iis,
1381 581 1446 639 quae
1455 582 1472 620 a
1482 561 1568 620 nobis
1576 562 1722 640 disputata
1729 577 1808 635 suut,
1816 566 1934 625 satiscrit

1172 651 1368 728 perspicuum,
1383 652 1580 709 auctoritatem
1594 650 1768 723 Aristotelis,
1778 665 1876 710 nostro
1883 657 1936 730 qui·

1171 739 1236 797 dem
1245 738 1371 813 judicio,
1383 759 1443 795 non
1453 737 1550 797 minus
1559 738 1698 797 incertam
1715 758 1789 812 esse,
1810 761 1896 818 quom
1905 744 1935 801 de

1172 826 1332 904 deperditis
1345 825 1563 884 problematum
1585 825 1719 903 partibus
1734 827 1844 902 agitur,
1858 849 1935 904 quam

1172 934 1262 992 quum
1275 914 1311 972 de
1323 913 1457 973 servatis.

1211 1000 1307 1060 rauca
1333 1001 1382 1058 m
1419 1000 1546 1076 adjicere
1577 1001 1661 1059 meai
1687 1001 1724 1059 ae
1750 1004 1936 1064 prosumus
2030 990 2031 993 ‘

1171 1091 1298 1167 primum
1320 1092 1351 1148 in
1376 1089 1430 1146 hac
1456 1089 1584 1147 editione
1614 1109 1631 1148 a
1659 1110 1689 1146 ν.
1719 1092 1757 1148 cl.
1789 1091 1935 1151 ansema-

1171 1179 1242 1236 kero
1264 1179 1411 1254 vulgatis,
1443 1195 1509 1254 quae
1533 1179 1658 1249 iterum,
1686 1178 1785 1238 multis
1806 1180 1840 1237 in
1871 1183 1937 1240 locis

1171 1265 1234 1323 sive
1248 1264 1380 1324 codicum
1396 1284 1470 1341 quos
1494 1265 1630 1337 contulit,
1656 1265 1718 1323 sive
1742 1278 1771 1323 et
1794 1267 1957 1343 coniectu·

1172 1374 1268 1413 rarum
1298 1373 1354 1431 ope
1376 1352 1573 1413 emendatiora
1600 1353 1638 1412 H.
1662 1352 1808 1412 Usenerus
1839 1355 1935 1426 edidit,

1170 1443 1204 1500 in
1229 1442 1285 1500 hoc
1308 1441 1506 1500 tantummodo
1531 1443 1652 1500 fortasse
1678 1461 1736 1499 non
1757 1442 1936 1520 probandus,

1171 1531 1250 1607 quod
1262 1547 1296 1584 ea
1315 1525 1480 1584 Alexandro
1499 1529 1742 1606 Aphrodisiensio
1766 1531 1883 1593 tribuit.
1896 1535 1936 1594 Ci.

1171 1620 1330 1674 Alexandri
1362 1617 1514 1691 Aphrodis.
1544 1618 1751 1673 problematum
1777 1619 1808 1674 ll.
1835 1621 1889 1671 111
1912 1632 1937 1671 rt

1170 1707 1216 1758 IV
1235 1724 1290 1760 rec.
1319 1705 1353 1762 H.
1377 1704 1493 1772 Usener,
1519 1699 1615 1757 Rerol.
1641 1700 1727 1775 1859.
1749 1699 1790 1757 Ut
1811 1720 1884 1758 vero
1906 1702 1937 1758 ad

1170 1789 1412 1848 Russemalserum
1428 1787 1555 1855 redeam,
1571 1785 1622 1863 qui
1643 1786 1700 1843 alia
1710 1787 1805 1844 multa
1827 1791 1938 1863 egregie

1169 1875 1347 1954 disputavit,
1365 1895 1432 1932 uon
1459 1874 1607 1951 perspexit
1630 1873 1678 1930 vir
1703 1873 1889 1932 doctissimus
1911 1877 1937 1932 in

1170 1962 1353 2032 praelatione,
1377 1984 1407 2040 p.
1432 1960 1537 2034 1111111,
1552 1960 1739 2018 Plutarchum
1759 1963 1790 2019 in
1814 1962 1937 2022 Natural.

1171 2063 1272 2127 quaest.
1287 2072 1312 2110 c.
1331 2072 1380 2127 21,
1402 2068 1491 2107 none
1516 2047 1664 2108 Problem.
1681 2049 1760 2107 ined.
1776 2069 1800 2107 s.
1827 2049 1867 2121 ll,
1890 2059 1936 2115 ila

1169 2138 1304 2215 pendere,
1318 2139 1368 2196 sed
1382 2138 1482 2196 eodem
1497 2138 1579 2195 illum
1594 2137 1671 2193 fonte
1681 2156 1764 2194 usum
1776 2157 1842 2196 esse
1849 2160 1907 2216 quo
1914 2157 1938 2196 et

1168 2225 1381 2284 problematum
1400 2239 1559 2295 auctorem,
1573 2223 1685 2281 scilicet
1699 2224 1841 2282 ilistoriis
1854 2227 1935 2282 anim.

1169 2313 1246 2385 viti,
1271 2315 1318 2371 οδ.
1336 2311 1443 2372 Contra
1456 2332 1528 2371 vero
1541 2333 1604 2389 quae
1623 2309 1700 2388 apud
1721 2312 1849 2369 eundern
1873 2313 1938 2369 Plu·

1169 2403 1297 2460 tarchum
1310 2401 1424 2461 duobus
1437 2401 1512 2458 locis
1524 2401 1669 2476 leguntur,
1689 2398 1820 2459 Natural.
1839 2415 1935 2476 quaest.

1170 2511 1195 2547 c.
1217 2510 1250 2545 τυ
1269 2503 1297 2547 et
1318 2490 1361 2546 lle
1381 2489 1476 2567 primo
1492 2486 1597 2564 frigido
1618 2507 1641 2544 c.
1669 2487 1717 2556 13,
1734 2487 1770 2545 de
1782 2489 1937 2564 quaestione

1169 2578 1323 2654 saepissime
1343 2588 1463 2638 tractata
1487 2596 1494 2631 ε
1521 2573 1571 2632 ast
1596 2571 1622 2631 τί
1635 2575 1688 2641 τῆς
1708 2574 1842 2644 θαλάττης
1863 2576 1937 2652 ελυίῳ

1173 2661 1414 2743 καταρραινομίνης
1437 2663 1537 2740 γίνεται
1561 2661 1685 2737 γαλήνη,
1718 2673 1817 2738 aperte
1845 2662 1936 2719 eadem

1169 2767 1237 2812 sunt
1249 2773 1282 2811 ac
1292 2771 1356 2829 quae
1367 2752 1398 2809 in
1408 2748 1511 2808 Probl.
1524 2748 1601 2808 ined.
1614 2769 1637 2807 s.
1648 2747 1701 2814 111,
1717 2769 1755 2823 ap
1769 2763 1934 2807 tractantur.

1169 2843 1276 2900 Praeter
1299 2840 1371 2896 hanc
1387 2856 1458 2894 vero
1479 2849 1507 2893 et
1529 2836 1619 2893 altera
1640 2847 1683 2893 est
1698 2838 1840 2911 quaestio,
1856 2835 1934 2912 cujus

1171 2943 1305 3005 tanquam
1321 2946 1358 2984 ex
1379 2924 1533 2982 Aristotele
1549 2923 1706 3000 desumptae
1726 2924 1861 2980 meminit
1875 2924 1939 2981 Plu·

1170 3016 1296 3086 tarchus,
1313 3033 1398 3090 quani
1412 3030 1494 3090 paene
1508 3010 1627 3068 eandem
1641 3009 1826 3067 Problemata
1837 3011 1938 3067 inedita

1168 3104 1313 3164 exhibent.
1330 3103 1374 3161 ct.
1392 3101 1469 3161 inira
1483 3101 1519 3158 fr.
1536 3100 1582 3156 15.
1920 3090 1924 3096 ’

1209 3197 1341 3256 Ceterum
1367 3189 1466 3248 hicet
1491 3188 1564 3247 illud
1588 3187 1751 3246 addendum
1777 3200 1837 3258 cst,
1866 3209 1938 3244 nou-

1168 3282 1263 3340 nullas
1283 3278 1459 3357 quaestiones
1472 3296 1508 3336 ex
1529 3275 1632 3334 horum
1648 3270 1866 3334 problematum
1881 3295 1937 3333 scc-

1169 3371 1248 3428 tione
1263 3368 1353 3426 altera
1361 3365 1538 3441 desumptas,
1553 3364 1721 3422 intermixto
1732 3383 1794 3421 uno
1812 3364 1937 3420 alterove

1168 3455 1260 3514 Cassii
1271 3453 1468 3512 Alexandrino
1478 3451 1701 3530 Aphrodisiensi
1711 3451 1902 3530 problemate,
1912 3452 1940 3506 in
2030 3452 2031 3473 ³

1168 3544 1288 3620 antiqua
1296 3540 1431 3598 versione
1440 3538 1529 3596 latina
1538 3535 1607 3611 legi,
1617 3553 1703 3612 quam
1717 3533 1844 3593 eeodioe
1858 3536 1936 3592 Raro·

1168 3629 1302 3706 bergensi
1322 3647 1378 3687 sec.
1396 3625 1431 3697 ll,
1444 3626 1492 3684 cui
1513 3622 1615 3683 titulus
1632 3623 1793 3699 inscriptus
1810 3637 1875 3681 est:
1889 3628 1937 3679 In·

1166 3724 1236 3794 cipit
1245 3719 1392 3793 problema
1406 3716 1560 3770 Aristotclis
1570 3711 1739 3790 philosophi,
1750 3710 1866 3788 primus
1878 3711 1936 3767 etli—

1167 3805 1212 3862 dit
1231 3803 1351 3876 llosius,
1367 3802 1387 3861 l.
1409 3803 1429 3859 l.
1448 3821 1477 3877 p.
1492 3801 1568 3871 666,
1585 3798 1698 3856 collatis
1720 3797 1805 3854 codd.
1822 3797 1935 3855 lhuxel·

1168 3892 1242 3951 lensi
1261 3905 1289 3948 et
1303 3887 1496 3958 berolinensi,
1519 3887 1549 3944 in
1574 3905 1700 3963 quorum
1721 3885 1816 3962 priori
1840 3884 1935 3942 titulus

1167 3982 1272 4059 legitur
1288 3983 1492 4051 :Interrogatio
1506 3990 1533 4031 ct
1544 3981 1685 4050 responsio
1695 3977 1827 4047 discipuli
1843 3987 1871 4029 ct
1880 3993 1934 4026 nea·

1170 4076 1263 4145 gistri.
1279 4067 1320 4125 En
1333 4079 1504 4145 conspectus
1515 4063 1707 4141 tqrtaestionunr
1719 4079 1785 4136 quae
1799 4058 1841 4116 ibi
1860 4057 1937 4115 exhi·

1167 4159 1283 4227 bentur,
1297 4154 1442 4231 adscripto
1455 4151 1635 4227 singularum
1659 4149 1735 4206 ionte
1752 4165 1760 4204 ε

1292 4355 1301 4388 r
1326 4359 1364 4381 τ.
1388 4331 1506 4388 Aristot.
1532 4326 1632 4384 Probl.
1656 4326 1733 4384 ined.
1762 4322 1801 4394 ll,
1827 4343 1840 4379 1

1825 4431 1841 4466 2

1826 4499 1842 4553 3

1826 4595 1840 4650 -i

1824 4676 1841 4730 5

1289 4774 1306 4829 6
1328 4797 1367 4820 τε
1443 4768 1534 4826 Cassii
1546 4765 1739 4836 Problemata,
1823 4762 1840 4816 5

1291 4880 1305 4930 7
1328 4880 1366 4912 ε
1388 4857 1507 4914 Aristot.
1527 4852 1625 4911 Probi.
1649 4851 1728 4908 ined.
1763 4848 1801 4918 11,
1823 4849 1841 4905 6

1290 4948 1307 5004 8
1330 4975 1368 4996 ==
1823 4956 1841 5008 9

1275 5057 1367 5171 i:
1586 5135 1597 5157 ι
1752 5043 1841 5170 ,1

1273 5223 1368 5258 11==
1588 5223 1599 5245 υ
1809 5208 1842 5246 10
