4134 6134
339 446 399 507 320

283 568 290 581 ⁸
341 576 424 644 οὕτως
439 573 518 651 (vide
531 570 609 630 inira
629 566 733 643 fragm.
747 564 835 641 666).
848 560 935 631 Quod
949 556 1113 636 suspicatus

341 678 386 724 est
405 662 528 733 Rosius,
541 658 573 717 in
588 655 674 715 titulo
687 650 838 731 Ἐγκόιμιον
853 648 986 727 πλούτου,
997 645 1050 722 qui
1065 644 1114 701 in·

343 766 387 813 ter
407 742 660 830 pseudepigrapha
674 742 821 818 Anonymi
837 736 875 815 (θ)
890 736 1008 813 legitur,
1036 728 1113 793 utt—

343 860 423 905 ιωνος
437 833 622 897 scribendum
639 851 717 902 esse,
732 847 832 909 parum
844 824 1013 884 verisimilis
1033 820 1116 879 ride·

344 942 392 987 tur
405 945 469 985 esse
491 922 666 1001 conjectura.
687 919 780 977 Causa
793 916 871 975 enim
895 914 928 971 in
942 930 1038 991 prono
1055 920 1114 976 est,

345 1036 398 1075 cur
411 1012 582 1073 Aristoteles
603 1008 774 1068 divitiarum
797 1005 931 1063 laudator
951 1020 969 1059 a
989 997 1116 1079 quodam

345 1100 543 1181 Peripateticae
568 1098 710 1157 doctrinae
735 1104 875 1153 sectatore
891 1088 961 1166 eligi
980 1084 1118 1165 potuerit.

345 1194 477 1251 Ceterum
486 1187 599 1247 collatis
610 1205 674 1263 quae
682 1182 770 1241 habet
777 1192 877 1239 auctor
885 1176 957 1235 Vitae
968 1172 1119 1252 hlarcp.6

346 1279 393 1338 ed.
412 1274 514 1336 llobbe
530 1295 539 1332 t
560 1271 615 1333 Kal
629 1270 747 1352 pairarat
763 1268 789 1326 ίν
803 1267 860 1332 ταῖς
872 1264 1044 1329 Ἐπιστολαῖς
1057 1266 1120 1319 θαυ·

349 1364 438 1441 μείζων
451 1362 600 1433 Πλάτωνα,
613 1360 660 1419 καί
682 1355 804 1422 συνιστὰς
827 1362 880 1421 τοῖς
903 1352 1040 1431 βασιλεῖαι
1063 1346 1122 1414 robe

349 1452 475 1515 Πλάτωνι
495 1448 565 1509 κατὰ
586 1446 659 1526 γένος
674 1450 880 1515 κοινωνοῦντας,
898 1442 981 1500 facile
993 1438 1123 1517 suspicio

331 1601 335 1609 ,
349 1540 456 1611 oritur,
470 1536 713 1616 Olympiodorum
736 1533 823 1613 paulo
847 1530 1032 1590 ambitiosius
1046 1525 1123 1603 λόγον

350 1624 557 1707 ἐγκωμιαστικόν
572 1642 692 1684 vocasse
706 1620 857 1701 epistolam
873 1620 904 1677 in
914 1616 1046 1675 Platonis
1060 1615 1123 1673 lau-

350 1719 415 1778 dem
429 1715 633 1793 conscriptam.

353 1902 403 1961 lll.
432 1896 623 1961 Anonot'tn
653 1890 846 1954 ΑΣΕΒΕΙΑΣ
879 1888 981 1949 naua
1012 1886 1126 1946 Erat·-

646 1978 836 2041 llEAONTA.

394 2140 526 2209 ’λαιθιίας
539 2138 642 2221 γραφὴν
664 2150 765 2197 contra
785 2133 970 2195 Aristotelem
986 2132 1128 2211 prolatam

354 2232 443 2292 luisse
457 2228 542 2290 multi
562 2240 630 2288 sunt
654 2226 705 2305 qui
729 2234 857 2283 narrant.
878 2220 965 2297 Diog.
982 2218 1078 2279 laert.
1093 2218 1128 2293 V,

355 2322 371 2378 5
387 2339 395 2381 ε
412 2318 448 2380 Ὅ
464 2318 485 2377 δ’
500 2308 543 2377 οὖν
558 2312 738 2395 Ἀριστοτέλης
800 2308 942 2381 ὑπεξῆλθεν
957 2309 991 2374 εἰς
1007 2306 1129 2367 Χαλκίδα

356 2405 550 2486 Εὐρυμέδοντος
573 2402 649 2461 αὐτὸν
675 2403 721 2457 τοῦ
745 2396 896 2477 ἱεροφάντου
919 2394 994 2465 δίκην
1010 2393 1130 2461 οῖσιθείας

353 2491 540 2573 γραψαμένου,
557 2489 574 2560 ἢ
589 2488 760 2565 Δημοφιλου,
779 2486 814 2553 ὥς
838 2506 902 2567 φησι
923 2480 1082 2563 Φαθωρῖνος
1104 2484 1131 2540 έν

355 2581 512 2655 παντοδαπῇ
524 2576 650 2656 Ἱστορίᾳ,
663 2572 854 2650 έπειδήπερτθν
869 2572 950 2648 ὕμνον
962 2570 1083 2645 ἐποίησιν
1095 2574 1132 2640 είς

355 2670 399 2728 τὸν
416 2663 603 2744 προειρημένον
617 2658 763 2741 Ἑρμείαν,
777 2660 845 2719 didi
858 2656 903 2718 καῖ
918 2656 1075 2738 ἐπίγραμμα
1087 2658 1131 2716 tut

356 2761 401 2815 τοῦ
414 2755 440 2813 ίν
453 2755 563 2833 Δελφοῖς
576 2749 726 2829 ἀνδριάντος
735 2750 860 2807 τοιοῦτον·
869 2745 932 2805 Τόν
942 2748 1014 2818 κτλ,
1027 2746 1131 2805 Athen.

356 2844 417 2915 XV,
429 2863 459 2921 p.
471 2842 541 2917 696,
557 2840 599 2897 A:
612 2834 691 2899 Ἀλλδι
701 2835 752 2912 μὴν
763 2834 808 2893 καί
818 2834 847 2894 τθ
858 2834 910 2894 inb
921 2838 967 2893 τοῦ
979 2836 1131 2912 πολυμαθε-

357 2930 453 2991 σταίτου
464 2925 561 3009 γραφέν
569 2924 762 3005 Ἀριστοτέλους
774 2926 809 2990 εἰς
816 2921 944 3001 Ἑρμείαν
955 2920 997 2981 τὸν
1008 2922 1132 3004 Ἀταρνέα

357 3025 386 3081 οὗ
401 3019 483 3079 παισίν
500 3018 584 3090 ίστιν,
599 3018 634 3082 ὡς
646 3016 660 3073 θ
674 3013 721 3085 τὴν
737 3016 784 3084 τῆς
803 3010 925 3080 dardeis<
939 3010 1007 3070 κατὰ
1029 3017 1075 3071 τοῦ
1088 3034 1132 3091 φι-

356 3108 468 3181 λοσόφου
489 3100 594 3185 γραφὴν
608 3100 818 3181 ἐπενεγκάμενος
841 3100 992 3181 Δημόφιλος
1012 3100 1048 3165 είς
1067 3100 1133 3158 αἰδῶ

357 3220 386 3255 τι
403 3197 475 3273 [haec
500 3195 543 3252 ita
566 3191 753 3251 emendavit:
770 3186 922 3269 Δημέφιλός
948 3210 987 3257 τις
1007 3187 1132 3260 διέδωκε,

856 421 1100 489 ARlSTOTEhlS
1120 411 1370 479 FRAGMENTA.

1168 550 1203 623 h,
1220 568 1270 621 oo,
1282 544 1363 624 quod
1379 556 1475 602 tamen
1489 559 1527 598 an
1539 556 1609 597 vere
1624 527 1776 593 Aristoteli
1788 531 1946 599 tribuatur,

1168 635 1238 715 jure
1253 632 1386 693 dubitari
1401 640 1506 711 potest.
1521 626 1604 685 Talis
1618 643 1689 683 vero
1703 620 1853 680 dubitatio
1869 620 1949 677 nulla

1170 726 1227 785 erit
1241 726 1278 783 de
1288 722 1443 793 Oratione,
1454 734 1542 795 quam
1554 714 1592 772 ad
1604 710 1773 771 diluendam
1789 708 1950 786 impietatis

1172 811 1386 871 accusationem
1398 808 1431 866 in
1444 824 1476 865 se
1489 803 1600 863 illatam
1613 799 1767 879 scripsisse
1778 796 1875 854 fertur
1887 796 1951 853 Ari·

1174 900 1308 971 stoteles‚
1321 899 1383 977 jam
1397 895 1477 953 enim
1490 894 1623 970 ipsorum
1635 884 1806 947 testimonio
1821 884 1878 961 qui
1891 902 1952 941 eam

1174 990 1334 1048 laudante
1362 980 1541 1064 philosopho
1574 976 1773 1054 abjudicatur,
1803 973 1952 1047 Anonymi

1176 1077 1306 1150 scilicet,
1318 1093 1382 1133 earn
1395 1072 1473 1130 iuter
1484 1063 1740 1149 pseudepigrapha
1751 1060 1914 1121 referentis
1926 1074 1952 1117 st

1178 1164 1309 1223 Athenaei
1323 1163 1385 1220 haec
1397 1161 1488 1218 rerba
1502 1155 1651 1216 addentis:
1669 1154 1703 1213 El
1719 1150 1758 1229 μὴ
1773 1147 1955 1229 κατέψευσται

1175 1256 1190 1312 θ
1221 1250 1308 1329 λόγος.
1341 1248 1442 1325 Neque
1464 1244 1539 1304 illud
1561 1239 1798 1322 pratereundum
1822 1248 1873 1296 est
1896 1236 1956 1312 ejus

1176 1339 1354 1397 mentionem
1374 1355 1392 1394 a
1414 1332 1555 1409 Diogenis
1580 1329 1689 1388 laer-tii
1712 1326 1815 1385 indice
1841 1322 1955 1391 abesse,

1176 1427 1245 1486 licet
1257 1428 1290 1485 in
1304 1425 1370 1503 ipsa
1382 1419 1548 1499 narratione
1560 1419 1589 1495 (§
1604 1416 1632 1495 9)
1651 1436 1669 1475 c
1687 1414 1841 1474 favorino
1860 1412 1957 1470 laude·

1177 1530 1235 1576 tur.
1250 1514 1333 1593 Opus
1345 1513 1437 1589 igiosr
1454 1507 1581 1586 alicujus
1590 1504 1717 1565 rhetoris
1732 1502 1842 1573 fuerit,
1856 1520 1912 1558 nec
1922 1500 1958 1557 ita

1179 1606 1301 1662 multum
1325 1600 1446 1659 sortasse
1461 1610 1529 1676 post
1549 1593 1716 1653 Aristotelis
1736 1602 1869 1649 mortem
1893 1608 1959 1645 con·

1180 1691 1335 1769 scriptum.
1347 1686 1442 1746 Facile
1453 1684 1531 1744 enim
1546 1682 1611 1741 lieri
1622 1681 1734 1760 potuit,
1743 1692 1798 1753 ut,
1811 1696 1876 1755 quo
1890 1689 1960 1733 tero·

1180 1798 1253 1858 pore
1265 1776 1424 1855 Sophocles
1434 1770 1627 1851 Amphiclidae
1645 1769 1723 1827 lilius
1739 1768 1839 1843 legem
1861 1776 1959 1843 pertu-

1180 1868 1270 1939 lerat,
1286 1885 1345 1943 qua
1359 1861 1529 1943 philosophi
1544 1858 1664 1919 Athenis
1680 1857 1877 1935 pellerentur,
1892 1853 1960 1911 tales

1180 1956 1330 2013 orationes
1350 1952 1388 2011 ad
1400 1950 1565 2029 exesuplum
1586 1945 1739 2024 Apologiae
1758 1942 1915 2012 Socratis,
1928 1940 1960 1998 ab

1183 2042 1349 2101 Aristotelis
1367 2038 1520 2118 discipulis
1547 2037 1738 2111 fingerentur.
1755 2030 1839 2089 lllud
1864 2030 1961 2107 utique

1183 2142 1294 2190 certum
1307 2142 1368 2203 est,
1383 2124 1627 2205 quemadmodum
1639 2120 1770 2180 Socratis
1788 2119 1839 2195 (cl.
1858 2118 1958 2176 Athen.

1183 2218 1217 2291 V,
1239 2240 1268 2296 p.
1286 2218 1356 2289 215,
1371 2215 1419 2294 C),
1443 2215 1526 2272 itaet
1544 2209 1710 2269 Aristotelis
1732 2226 1845 2266 nomeu
1869 2225 1961 2283 quan-

1185 2326 1274 2385 quam
1284 2304 1430 2364 demortui
1439 2302 1477 2361 ab
1486 2298 1643 2360 hislitibus
1651 2317 1713 2356 non
1723 2297 1854 2355 alienum
1864 2294 1962 2364 luisse,

1186 2394 1265 2471 quod
1279 2394 1390 2471 optime
1412 2388 1535 2452 Eusebii
1561 2385 1730 2445 testimonio
1753 2380 1965 2461 comprobatur

1185 2484 1314 2560 Praepar.
1325 2480 1438 2559 Evang.
1447 2478 1509 2551 xl,
1520 2498 1548 2550 α,
1559 2497 1589 2555 p.
1602 2496 1658 2551 79¹
1675 2496 1683 2531 a
1696 2473 1754 2541 Th
1766 2470 1814 2546 ph
1831 2470 1887 2548 7²⁸¹?
1901 2476 1966 2539 Δη-

1186 2571 1319 2650 μαχίμους
1331 2566 1558 2651 (cAGldiiller,
1571 2563 1651 2623 Orat.
1674 2575 1724 2621 att.
1747 2560 1864 2635 fragm.
1891 2571 1914 2614 t.
1937 2556 1964 2614 ll
2016 2563 2018 2588 ²

1188 2679 1218 2737 p.
1248 2659 1317 2737 471)
1340 2655 1500 2736 κατηγορίαν
1520 2651 1590 2713 sard
1613 2654 1668 2709 τῶν
1688 2648 1831 2730 φιλοσόφων
1857 2644 1887 2703 τί
1910 2644 1965 2723 χρὴ

1186 2747 1291 2825 λέγειν;
1315 2748 1346 2806 σθ
1369 2744 1422 2826 γθρ
1446 2740 1613 2823 Ἀριστοτέλη
1639 2737 1718 2817 μόνον
1740 2732 1886 2793 ιἰλλακαῖ
1907 2731 1966 2797 εὼς

1188 2835 1284 2900 ἄλλους
1306 2834 1394 2899 κακῶς
1419 2831 1532 2912 ιίρηκεν.
1547 2824 1611 2889 Ἔτι
1622 2849 1654 2905 γε
1670 2824 1725 2903 μὴν
1741 2821 1824 2888 etth
1838 2820 1891 2887 τὶς
1911 2821 1966 2878 δια·

1188 2921 1267 2989 totta
1283 2924 1388 2981 σκοπῶν
1403 2919 1435 2978 ἄν
1450 2942 1491 2986 τις
1511 2920 1600 2996 ληρεῖν
1620 2914 1699 2975 ababa
1723 2912 1800 2993 φαίη.
1815 2908 1904 2986 ,λέγει
1921 2910 1966 2987 ,tp

1187 3009 1329 3077 έπισταλθς
1337 3007 1537 3091 Ἀριστοτέλους
1550 3007 1653 3065 ἁλῶναι
1666 3001 1737 3063 κατδ
1751 3005 1800 3072 τῆς
1812 3000 1919 3063 πόλεως
1927 3001 1966 3067 τῆς

1188 3100 1331 3173 Ἀθηναίων
1356 3097 1402 3159 καῖ
1426 3095 1571 3177 Στοῖγειραν
1595 3093 1644 3164 τὴν
1677 3090 1797 3171 πατρίδα
1829 3088 1964 3168 προδῶσι

1189 3190 1341 3251 Μακεδόσιν
1363 3185 1459 3247 adeda·
1480 3183 1520 3243 ἔτι
1541 3182 1570 3243 δέ
1591 3180 1809 3259 κατασκαφείσης
1822 3176 1963 3235 ·’(θλθνθαι

358 3284 480 3357 Boeclh,
496 3285 625 3339 Hermias
656 3300 713 3339 von
738 3285 893 3348 Atarneus,
918 3277 1012 3338 Berul.
1046 3278 1132 3353 1853,
1190 3277 1299 3354 μηνόιιν
1313 3276 1356 3335 ἐπὶ
1371 3280 1416 3334 τοῦ
1431 3271 1646 3353 λαφυροπωλιίου
1659 3270 1798 3347 Φιλίππῳ
1812 3262 1879 3331 τοῖος
1892 3265 1964 3321 ‘lw-

359 3394 387 3452 p.
409 3374 475 3449 aaa)
488 3368 715 3449 παρασκευασθεὶς
729 3368 775 3424 θπ’
790 3365 1003 3447 Εὐρυμέδοντος,
1018 3369 1055 3434 ὡς
1074 3370 1135 3425 ἀοι·
1189 3365 1331 3433 σιωτιίτους
1344 3367 1396 3424 τῶν
1411 3360 1572 3434 Ὀλυνθίων,
1585 3357 1759 3438 Sophoclem
1771 3366 1892 3423 autem,
1904 3352 1963 3425 legis

360 3458 466 3525 δοῦντος
486 3457 531 3515 καθ
554 3456 660 3535 ᾄδοντος
675 3457 701 3513 έν
723 3460 777 3522 τοῖς
799 3452 939 3515 συσσιτίοις
955 3453 1085 3533 ὁσημέραι
1099 3457 1135 3521 είς
1189 3467 1356 3526 auctorem,
1381 3470 1398 3511 a
1421 3450 1546 3509 Philone
1568 3446 1713 3527 quodam,
1730 3441 1907 3503 Aristotelis
1924 3438 1963 3495 ti-

359 3545 403 3604 τθν
418 3543 547 3623 Ἑρμείαν
556 3551 666 3613 παιᾶνα,
679 3540 807 3601 Atticm
818 3540 929 3599 σκολίων
942 3539 968 3599 ἕν
979 3563 1003 3599 τι
1015 3542 1060 3600 καὶ
1071 3542 1136 3602 etet
1189 3540 1304 3618 scipulo
1330 3541 1532 3618 impugnatum
1569 3554 1651 3610 esse,
1677 3532 1715 3593 cf.
1745 3530 1858 3587 Athen.
1886 3524 1961 3593 Xlllo

361 3623 427 3699 ι’ίδός
441 3634 527 3703 ἐστιν,
545 3632 641 3689 Anon.
652 3629 717 3688 Vita
731 3628 895 3688 Aristotelis
909 3628 1060 3689 adcalcem
1069 3630 1137 3688 llio·
1190 3648 1221 3706 p.
1237 3630 1308 3701 610,
1324 3627 1368 3689 F:
1387 3624 1441 3686 Καὶ
1464 3625 1601 3705 Σοφοκλῆς
1620 3621 1649 3681 δέ
1667 3643 1707 3687 τις
1727 3616 1892 3699 ψηφίσματι
1913 3611 1961 3680 ἰξί-
2016 3603 2018 3644 ⁵

361 3723 443 3799 genis
464 3719 572 3777 Laertii
588 3718 634 3775 ed.
652 3717 752 3777 Didot.
769 3736 799 3795 p.
820 3716 867 3787 ιθ,
885 3726 912 3785 4.
927 3715 1048 3775 Causam
1067 3739 1136 3797 pro-
1190 3719 1256 3775 λαστ
1275 3714 1374 3781 πάντας
1397 3712 1551 3795 φιλοσόφως
1564 3715 1613 3783 τῆς
1626 3710 1762 3780 Ἀττικῆς,
1778 3694 1961 3777 catuleas
2016 3689 2018 3754 l

361 3821 426 3891 pter
438 3827 524 3887 quam
536 3806 648 3865 illatum
664 3818 707 3863 est
721 3805 831 3862 crimen
846 3803 931 3861 aliam
947 3804 1078 3865 indicare
1088 3808 1136 3866 vi·
1193 3803 1291 3884 ἔγραψε
1306 3801 1416 3878 Φίλων,
1428 3804 1443 3860 θ
1455 3799 1646 3882 Ἀριστοτέλους
1659 3796 1805 3878 γνώριμος.

362 3900 446 3957 detur
455 3896 595 3971 Origenes
607 3916 633 3955 c.
648 3892 763 3952 Celsum
775 3896 799 3963 l,
816 3914 841 3953 c.
857 3892 907 3951 65:
919 3882 1003 3961 Οὗτος
1013 3893 1063 3974 γὰρ
1076 3894 1136 3953 ἰδὼν
1234 3892 1277 3950 oe
1296 3891 1382 3951 titulo
1404 3889 1554 3951 Orationis
1569 3886 1734 3947 Aristotelis
1754 3884 1884 3943 nomine
1904 3882 1964 3938 falso

362 3986 560 4063 αυγκροτιῖσθαι
571 3978 667 4059 μέλλον
679 3978 738 4037 κατ’
748 3982 826 4039 αὐτοῦ
841 3978 1008 4061 δικαστήριον
1022 3985 1057 4048 ὡς
1068 3981 1137 4041 κατὰ
1191 3973 1351 4060 inscriptae,
1367 3980 1485 4039 variant
1495 3980 1668 4055 Anonymus
1680 3988 1709 4034 et
1725 3974 1899 4032 Athenaeus.
1915 3971 1964 4027 Ple·

364 4071 473 4137 θσεόοῦς
495 4068 540 4129 διαί
558 4092 617 4128 τινα
639 4067 758 4144 δόγματα
785 4071 831 4139 τῆς
848 4068 1000 4148 φιλοσοφίας
1022 4070 1100 4129 αὐτοῦ
1120 4068 1138 4128 θ
1192 4070 1304 4129 niorem
1318 4068 1438 4128 exbibet
1452 4068 1503 4126 ille
1515 4090 1523 4127 τ
1537 4064 1677 4140 Ἀπολογία
1691 4056 1833 4128 ιθσεόιίας
1844 4060 1912 4139 πρὸς
1919 4058 1965 4117 b}-

364 4162 489 4238 ἐνόμισαν
519 4149 585 4218 εἶναι
607 4156 690 4229 testu
712 4158 736 4215 ol
754 4156 902 4233 Ἀθηναῖοι,
915 4158 943 4215 ἐν
962 4158 1077 4217 Χαλκίδι
1092 4159 1138 4226 τίις
1193 4160 1354 4237 ρυμέδοντα,
1369 4157 1419 4217 hic
1432 4175 1503 4215 vero
1514 4156 1630 4227 melius,
1642 4152 1817 4223 utvidetut,
1834 4146 1966 4223 ’Anapi

364 4248 498 4328 διατριθθς
518 4244 662 4318 inarime
684 4244 915 4323 ἅπῠλογησέμενυς
929 4253 982 4313 τοῖς
998 4246 1138 4325 γνωρίμοις
1192 4250 1238 4317 ιη”ς
1259 4245 1397 4319 ἀσιδιίας,
1413 4264 1504 4322 quum
1529 4256 1600 4303 teste
1626 4241 1775 4301 Favorino
1803 4238 1890 4318 apud
1907 4237 1966 4294 uio·

364 4337 410 4398 καὶ
432 4334 533 4415 λέγων·
549 4362 562 4388 ι
585 4332 718 4411 Ἀπίωμεν
745 4332 798 4390 ἀπὸ
821 4334 873 4391 τῶν
893 4332 1020 4405 Ἀθηνῶν,
1035 4332 1078 4393 ίνα
1100 4336 1138 4411 μὴ
1192 4352 1295 4410 genem
1333 4334 1481 4392 laertium
1494 4332 1529 4405 V,
1546 4328 1674 4408 9,λόγος
1703 4327 1846 4392 δικανικὸς
1877 4325 1967 4384 tuear.

364 4426 496 4509 πρόφασιν
521 4422 831 4500 aspernamentum
853 4417 970 4501 δεύτερον
991 4421 1053 4499 ιίγος
1075 4424 1139 4482 ἀνα·
1193 4434 1294 4481 contra
1313 4419 1434 4488 δσεόείας
1446 4418 1550 4503 γραφὴν
1562 4418 1697 4495 scriptus.

364 4514 457 4576 λαθεῖν
471 4511 659 4593 παραπλήσιον
673 4515 712 4592 τῷ
723 4507 793 4570 κατθ
805 4510 975 4589 Σωκράτους,
985 4510 1030 4571 καί
1044 4510 1087 4570 ίνα
1099 4512 1138 4588 μὴ
1559 4492 1562 4495 ’
1583 4518 1589 4533 ·

367 4599 487 4681 θεότιμον
501 4603 537 4668 είς
560 4598 715 4681 φιλοσοφίαν
732 4596 933 4669 doadicastri.»
956 4598 1049 4676 liujus
1069 4600 1140 4661 dicti
1536 4546 1629 4631 (639⁸)

367 4690 477 4748 mentio
491 4689 568 4789 apud
582 4688 656 4747 alios
670 4706 787 4767 quoque
798 4699 908 4763 exstat,
922 4699 954 4745 ut
966 4689 1044 4766 apud
1056 4687 1139 4748 AElio·
1236 4692 1392 4753 Athenaeus
1409 4691 1458 4755 XV
1473 4713 1505 4770 p.
1524 4706 1592 4769 597,
1606 4693 1631 4749 A
1646 4712 1653 4746 ε
1670 4687 1752 4749 ’titt
1768 4686 1824 4763 pir
1840 4686 1892 4746 καὶ
1905 4706 1970 4743 m*

368 4774 734 4851 numllar.ll1st.lll,36‚
750 4774 853 4834 David.
869 4774 900 4833 in
923 4772 1022 4850 Categ.
1035 4794 1064 4852 p.
1086 4778 1136 4847 αθ,
1199 4777 1448 4859 Ἀριστοτέλης
1463 4782 1489 4840 ίν
1511 4804 1545 4861 τη
1559 4776 1700 4856 Ἀπολογίᾳ
1723 4779 1770 4847 τῆς
1788 4774 1929 4844 desesiae,
1950 4772 1969 4826 α’

577 4942 928 4997 rnrnmrrusnnnausm.
1196 4940 1717 5013 utmcruttposumcmincc‚sinsmra
1729 4908 1971 5004 mmmmm

399 5028 541 5080 Aristoteles
562 5028 588 5079 in
607 5030 723 5095 Apologia
740 5029 861 5081 adversus
882 5028 1015 5094 impictatis
1034 5028 1142 5091 crimen,
1197 5035 1279 5087 diem
1294 5038 1391 5089 ,nimus
1402 5032 1797 5099 mqsepumqbusommm
1806 5029 1970 5083 {mm-

368 5116 415 5167 nlsi
429 5114 583 5181 supposititia
594 5118 679 5167 oratio
693 5120 740 5177 est,
753 5117 789 5167 ait
801 5138 807 5167 ι
820 5136 832 5160 ιι
845 5120 898 5167 Non
912 5130 969 5167 sane
983 5115 1110 5181 equidem,
1122 5115 1144 5165 si

369 5203 475 5257 Henniu
484 5204 514 5254 ut
522 5200 653 5253 immortali
662 5202 799 5255 sacrificare
808 5204 949 5266 voluissem,
957 5204 1143 5255 monumentum
