4134 6134
845 387 1011 452 olALoGt
1689 399 1732 458 ss
1784 478 1794 494 ἢ

331 522 413 581 ΧΙΙΙ.
438 519 531 582 ΠΕΡΙ
553 519 693 580 ΕΥΧΗΣ.

159 687 277 747 'l'itulus
289 687 349 767 aspi
370 687 461 767 Εὐχῆς
476 685 503 744 α’
516 686 594 766 apud
616 687 702 763 Diog.
719 685 815 748 laert.
833 689 896 766 (ιιι)

119 791 148 834 et
168 777 246 855 apud
269 777 363 836 huon.
383 774 439 855 (9)
460 775 577 852 legitur.
599 775 642 834 hd
663 774 741 834 hunc
763 775 901 835 audacius

122 866 232 924 referre
248 877 369 923 conatus
384 877 428 922 est
441 883 559 924 versum
580 883 597 921 c
609 862 750 922 Varronis
763 868 902 926 Eumeni-

121 953 208 1011 dihus
226 952 263 1012 sr.
280 949 369 1010 XXV!
386 950 496 1012 Riese:

182 1088 290 1148 ilospea,
302 1083 359 1149 quid
374 1085 451 1136 miras
464 1099 563 1136 nummo
577 1099 663 1136 curura
673 1088 800 1150 Serapim?

244 1155 324 1213 Quid?
339 1155 408 1219 quusi
420 1169 468 1206 uun
479 1159 550 1206 curet
559 1157 618 1206 unii
630 1157 689 1206 ilem
704 1157 861 1207 Aristoteles?

181 1231 229 1277 Aut
242 1227 328 1277 ambos
341 1226 402 1276 mira
416 1229 458 1276 aui
472 1227 521 1277 noli
532 1225 701 1277 miraredurnt
715 1240 755 1276 me

127 1329 130 1336 ·
242 1296 384 1348 madan.

117 1415 183 1477 los.
196 1415 337 1491 Scaliger,
349 1416 382 1474 in
393 1414 474 1474 libro
488 1434 576 1494 quem
591 1415 648 1475 sub
660 1413 901 1475 nornineYvonis

119 1505 286 1564 l'illiomari
300 1505 331 1563 in
344 1503 425 1562 locos
440 1517 646 1564 controversus
659 1503 736 1564 llob.
752 1503 826 1564 Titii
840 1505 901 1564 edi·

117 1593 173 1666 dit,
186 1592 236 1664 lx,
253 1615 297 1653 ia.
309 1589 416 1650 Eodem
427 1591 513 1670 plane
524 1591 613 1650 modo
620 1605 653 1650 ut
661 1589 722 1664 hic,
736 1592 904 1652 Aristotelis

120 1701 228 1740 nomen
253 1702 309 1761 pro
331 1678 489 1758 cujuslibet
510 1679 680 1760 philosophi
700 1680 827 1758 positum
860 1694 903 1738 est

119 1769 199 1847 apud
214 1769 338 1828 eundem
351 1767 513 1828 Varronem
528 1772 558 1826 in
578 1771 679 1828 Satura
693 1769 833 1848 inscripta
855 1773 902 1826 Te·

116 1870 299 1926 statuentum,
319 1857 397 1935 apud
417 1854 493 1916 Gell.
509 1856 545 1916 N.
563 1859 635 1929 htt„
648 1855 705 1934 lll,
725 1859 771 1929 16,
793 1861 825 1916 13
848 1858 899 1936 (ir.

119 1945 265 2026 illiese).
321 2001 323 2006 .

449 2117 474 2157 ¹·
493 2099 575 2175 (rol
637 2107 679 2146 *ι

161 2255 271 2310 Seneca
283 2250 392 2320 Quaest.
407 2249 472 2308 Nat.
486 2248 550 2326 Vll,
568 2251 618 2323 30,
637 2271 648 2307 ι
668 2272 675 2308 :
693 2255 814 2330 Egregie
828 2257 855 2309 A
861 2259 902 2310 ri·

116 2355 149 2396 st
157 2343 269 2398 oteleu
280 2346 324 2396 ait
337 2358 481 2414 nunquam
494 2358 544 2396 nos
557 2343 769 2397 verecundiores
782 2359 842 2397 esse
851 2344 901 2398 de·

117 2432 198 2498 bere,
212 2447 295 2502 qurum
307 2446 390 2502 quum
397 2429 434 2482 de
444 2429 488 2482 dis
498 2432 600 2502 aginat.
612 2431 645 2484 Si
651 2435 783 2485 intremus
795 2433 903 2504 templa

118 2523 261 2592 compositi
341 2527 444 2591 quanto
467 2515 520 2572 hoc
541 2523 632 2594 magis
647 2515 751 2588 jacere
773 2517 905 2574 debemus

117 2627 202 2681 ιμιιιιιι
221 2609 257 2661 de
273 2607 425 2675 sideribus,
445 2607 481 2660 de
506 2624 600 2661 eorum
620 2619 738 2675 statura,
760 2608 796 2662 de
818 2607 904 2662 stellis

117 2699 305 2770 disputamus,
325 2695 442 2768 nequid
454 2707 568 2762 tenuere,
586 2715 622 2750 ue
635 2699 704 2768 quaid
716 2697 906 2770 imprudenter

118 2797 171 2840 aui
193 2790 356 2856 ignorantes
374 2783 555 2856 adfirmemus
577 2794 628 2836 αιιτ
650 2789 767 2838 scientes
782 2788 905 2838 urentia-

120 2893 194 2928 mur.
223 2869 291 2927 llaec
308 2867 345 2927 ad
360 2867 509 2942 dialogum
527 2867 564 2923 de
587 2865 780 2946 Philosophia
802 2867 903 2925 retulit

121 2961 264 3034 Bernays,
280 2957 302 3016 l.
316 2955 337 3014 l.
352 2975 382 3033 p.
399 2956 467 3014 ι66.

446 3110 585 3190 2·l78·l

958 522 980 581 f.
1009 530 1045 594 74
1070 519 1189 598 rectolz
1215 525 1300 596 Quod
1317 531 1394 580 enim
1415 527 1556 598 intelligat
1579 527 1690 599 aliquid
1705 541 1737 584 ee

956 630 1042 684 supra
1055 612 1224 666 intellectum
1237 623 1267 666 et
1278 613 1557 686 suprasubuanuam
1571 615 1735 669 Aristoteles

957 696 1143 772 ruunisestans
1163 695 1239 777 lus)
1258 713 1301 756 est
1321 706 1350 756 iu
1370 702 1449 756 calce
1468 701 1532 756 libri
1563 701 1599 756 de
1617 705 1736 758 Oratore

955 790 1043 862 pluris
1056 789 1150 842 dicem
1168 787 1244 862 quod
1256 790 1325 844 decus
1341 801 1392 844 aut
1404 790 1560 844 intellectus
1579 802 1620 844 est
1640 803 1691 844 aut
1708 803 1737 845 et
1802 837 1806 845 .

959 877 1072 950 aliquid
1100 877 1176 930 ultra
1197 879 1380 934 intellectum.
1401 874 1437 932 ln
1462 873 1510 934 his
1538 889 1633 934 tumen
1662 877 1736 934 nralc

959 967 995 1020 de
1012 965 1130 1019 Oratore
1145 967 1250 1041 prode
1271 967 1399 1020 (renone
1411 962 1529 1039 legitur,
1547 975 1579 1021 ut
1598 983 1614 1021 e
1639 963 1737 1022 veihis

960 1065 1081 1129 apparet
1102 1071 1168 1128 quae
1182 1064 1249 1130 post
1270 1051 1357 1109 finem
1372 1053 1442 1110 vitae
1460 1051 1628 1109 Aristotelis
1647 1051 1737 1120 latine

960 1159 1055 1198 verm
1079 1139 1110 1197 in
1129 1137 1229 1197 inultis
1250 1139 1402 1197 codicibus
1423 1137 1571 1216 adscripta
1589 1151 1675 1210 sunt,
1693 1141 1734 1198 ci.

958 1226 1050 1287 Arist.
1072 1225 1118 1284 ed.
1134 1225 1238 1297 Buhle,
1253 1239 1273 1282 t.
1293 1227 1317 1296 1,
1336 1247 1368 1305 p.
1393 1226 1442 1302 59,
1462 1245 1528 1304 quae
1538 1227 1736 1284 emendatiora

960 1331 977 1370 e
996 1313 1063 1372 cod.
1077 1312 1175 1372 Paris.
1190 1313 1242 1372 lat.
1254 1314 1344 1389 7695,
1356 1314 1393 1386 Δ,
1402 1313 1497 1372 edidit
1510 1312 1617 1372 lioaius
1631 1313 1682 1393 [cs.
1701 1319 1737 1372 de

959 1405 1078 1461 Aristar.
1097 1403 1231 1458 librorum
1245 1405 1345 1458 ordine
1356 1422 1388 1480 p.
1403 1401 1472 1477 2147)
1493 1423 1501 1458 ε
1518 1405 1600 1458 Fecit
1607 1415 1739 1459 americi

958 1493 1122 1547 Aristoteles
1137 1491 1237 1546 librum
1249 1478 1444 1547 deloranbne.
1456 1491 1538 1550 Unde
1550 1490 1713 1564 Simplicius
1726 1512 1736 1544 :

959 1580 1044 1650 Quod
1050 1583 1126 1634 euim
1142 1581 1325 1652 intelilgeret
1343 1580 1458 1652 aliquid
1468 1596 1555 1653 supra
1568 1579 1736 1632 intellectum

958 1678 986 1720 ct
1008 1668 1294 1740 supersubstantiam
1308 1669 1488 1736 Aristoteles,
1513 1663 1678 1735 manifestus
1696 1679 1740 1720 eu

959 1756 1039 1828 apud
1040 1755 1134 1828 finem
1147 1757 1211 1812 libri
1223 1759 1259 1813 de
1281 1758 1414 1812 Oratione
1433 1757 1523 1830 plaiae
1536 1755 1645 1817 dicens,
1664 1755 1739 1826 quod

957 1844 1026 1896 deus
1037 1856 1087 1898 aut
1103 1844 1258 1898 intellectus
1271 1855 1313 1899 est
1321 1855 1373 1898 aui
1385 1855 1427 1900 cst
1436 1843 1549 1918 aliquid
1560 1843 1635 1896 ultra
1655 1842 1737 1894 intei-

958 1932 1068 1991 uotum.

1128 2092 1203 2153 lllll.
1227 2095 1317 2153 ΠΕΡΙ
1339 2092 1566 2154 ΕΥΙῈΝΕΙΑΣ

1000 2245 1043 2303 lle
1065 2256 1183 2303 auctore
1213 2243 1323 2320 dialogi
1344 2243 1405 2321 περὶ
1431 2241 1569 2318 Εὐγενείας
1591 2241 1628 2314 ις’,
1652 2264 1737 2319 quesn

958 2346 1064 2412 prater
1097 2345 1256 2410 nutumque
1278 2331 1406 2390 indicem
1428 2331 1529 2406 (Diog.
1556 2328 1652 2398 Laert.
1680 2333 1736 2403 ιδ,

958 2422 1105 2498 Anonym.
1135 2441 1182 2497 n,
1196 2420 1235 2477 ci.
1258 2417 1462 2476 Dschemalud.
1486 2417 1544 2496 [iil
1570 2419 1607 2472 de
1629 2426 1741 2492 generis

958 2513 1127 2578 Nobilitate,
1144 2512 1210 2565 libri
1221 2511 1237 2563 1
1241 2508 1277 2584 V)
1289 2505 1445 2564 Athenaeus
1457 2519 1486 2562 et
1501 2505 1646 2579 Diogenes
1657 2503 1741 2562 laer·

961 2600 1019 2657 tius
1031 2597 1152 2656 laudant
1171 2609 1248 2655 etex
1264 2615 1324 2672 quo
1339 2593 1454 2671 majora
1476 2605 1613 2670 excerpta
1625 2590 1738 2670 prabet

959 2686 1089 2746 loannes
1115 2685 1265 2755 Stohaeus,
1293 2683 1374 2742 solus
1399 2681 1516 2741 dubitat
1544 2680 1737 2752 Plutarchus,

959 2776 1005 2834 vel
1023 2793 1109 2852 quem
1132 2785 1247 2830 secutus
1263 2769 1378 2829 ridetur
1396 2769 1560 2840 Panaetius,
1573 2766 1645 2827 lihri
1658 2787 1739 2826 men·

960 2864 1033 2922 tioni
1050 2862 1099 2921 his
1123 2860 1223 2919 verbis
1244 2859 1353 2917 additis
1375 2860 1398 2914 ci
1412 2857 1445 2927 δὴ
1464 2857 1494 2914 τὸ
1515 2855 1616 2935 puditior
1639 2857 1667 2913 iu
1688 2865 1742 2922 τοῖς

957 2949 1072 3028 γνησίοις
1080 2945 1278 3027 Ἀριστοτέλους
1288 2943 1383 3006 θετέον.
1396 2945 1492 3013 Quare
1512 2962 1582 3000 vero
1593 2942 1624 3000 id
1635 2943 1741 3002 sactum

959 3041 999 3100 sit
1014 3057 1106 3116 quum
1125 3055 1212 3096 causa
1225 3035 1388 3111 ignoretur,
1401 3032 1459 3090 nisi
1475 3045 1571 3089 tamen
1583 3031 1742 3109 suspiceris

959 3127 1137 3198 Panaetium,
1153 3125 1243 3201 quiet
1257 3126 1293 3181 de
1307 3123 1523 3181 Socraticorum
1544 3120 1740 3197 quorumdam

959 3217 1086 3292 dialogis
1108 3212 1294 3272 dubitaverat
1318 3211 1373 3287 (cl.
1386 3211 1472 3285 Diog.
1495 3208 1591 3267 Laert.
1606 3206 1646 3280 ll,
1670 3210 1741 3286 64),
1784 3225 1789 3236 ¹

164 3274 335 3352 εἰηΨιίώω
359 3274 391 3332 i¹¹
412 3274 503 3334 Arist.
528 3274 565 3332 de
585 3274 676 3347 ΜΨ
694 3274 714 3332 s·
743 3275 818 3346 ²35⁹
836 3275 903 3334 ⁰⁰d·
959 3302 1110 3364 talimodo
1126 3301 1239 3358 Socrati
1255 3299 1365 3356 illatam
1381 3297 1614 3356 criminationem
1624 3295 1740 3355 diluere
1857 3295 1860 3300 ’

123 3363 218 3422 Paris.
240 3383 314 3440 ¹9¹⁰
328 3362 406 3440 apud
418 3360 539 3421 hosium
556 3384 563 3420 t
579 3359 646 3422 Ὅτι
660 3361 712 3443 γὰρ
727 3364 807 3424 irrasi
820 3387 844 3422 τι
859 3362 905 3422 καὶ
963 3390 1122 3461 studuisse,
1136 3388 1173 3446 de
1184 3407 1217 3446 Ν
1232 3387 1296 3466 ip„
1309 3405 1370 3444 non
1380 3386 1485 3463 liquet·
1496 3384 1565 3463 [psa
1580 3405 1652 3444 vem
1669 3383 1741 3460 frag.

121 3451 190 3530 imi?
200 3450 243 3509 τὸ*
255 3455 314 3509 ”οῦ”
328 3450 374 3508 “i
389 3449 435 3521 *i*
449 3449 540 3508 ὠσίαν
550 3453 564 3507 ὁ
575 3449 602 3508 Ἀ
612 3471 729 3528 Ριστοτ
739 3447 815 3522 itu<
826 3450 903 3536 tais<
962 3493 1060 3539 menta
1075 3477 1230 3538 Aristotele
1250 3474 1333 3550 nullp
1348 3474 1436 3533 modo
1450 3473 1575 3550 indigna
1588 3487 1657 3534 sunt
1671 3494 1737 3533 cum

122 3545 179 3602 ἐστι
193 3542 256 3620 πρὸς
270 3541 324 3606 τοῖς
339 3538 436 3620 πέρασι
450 3544 496 3599 τοῦ
511 3537 571 3619 περὶ
583 3540 675 3618 Εὗχῆς
691 3537 796 3618 §tilioli
808 3537 903 3612 etuias,
962 3580 1084 3647 propter
1098 3564 1308 3625 sententiarum
1323 3582 1445 3622 acumen
1460 3576 1521 3622 tum
1534 3577 1657 3642 propter
1670 3581 1742 3621 uer-

121 3629 163 3688 drt
176 3632 191 3686 ὁ
205 3627 260 3695 θεὸς
273 3623 361 3698 husie
375 3626 446 3686 ioris
459 3625 477 3697 ἢ
493 3625 616 3686 ἔπίκεινά
624 3649 651 3685 τι
664 3631 709 3686 τοῦ
722 3629 775 3684 soii.

166 3718 199 3778 ln
214 3718 286 3777 edit.
300 3717 408 3774 Aldina
419 3715 471 3775 fol.
488 3719 542 3774 118
552 3715 706 3774 versohacc
716 3716 758 3774 ita
769 3733 907 3794 expressa

122 3821 192 3867 sunt
208 3803 295 3867 ιὈτι
310 3804 358 3882 μὲν
374 3803 424 3883 γὰρ
437 3812 490 3863 νοεῖ
504 3828 530 3863 τι
540 3804 586 3865 uui
600 3803 666 3883 ὑπὲρ
680 3805 724 3866 τὸν
739 3807 820 3863 saiso
830 3803 906 3884 Ἀρι-

122 3895 248 3970 στοτέλης
263 3894 309 3954 καὶ
329 3893 396 3973 ὑπὲρ
417 3893 465 3965 τὴν
480 3893 571 3953 οὐσίαν
593 3891 671 3965 δῆλός
684 3893 827 3974 instrepit
848 3901 905 3960 τοῖς

124 3983 301 4065 ἐσχάτοιςτνῦ
316 3981 419 4061 βιὸλίου
427 3981 488 4061 περὶ
498 3984 654 4063 Προσευχῆς
662 3979 804 4060 διαρρήδην
813 3979 906 4058 λέγων·
1003 3973 1110 4034 ioann.
1125 3971 1207 4033 Stob.
1224 3971 1327 4033 Floril.
1343 3973 1393 4044 86,
1409 3981 1447 4038 al,
1463 3992 1469 4028 z
1483 3969 1535 4031 Ἐκ
1549 3974 1595 4029 τοῦ
1615 3971 1743 4050 Ἀριστο-

123 4073 165 4130 ὅτι
179 4075 194 4129 ὁ
210 4071 266 4138 θεὸς
279 4069 298 4142 ἢ
312 4077 369 4137 νοῦς
383 4071 454 4129 ἔστὶν
469 4070 487 4142 ἤ
500 4093 527 4129 τι
540 4068 586 4129 καὶ
599 4068 754 4147 ὓπὲρνοῢν,
771 4089 861 4146 quum
876 4070 907 4127 in
963 4061 1053 4126 sirau
1073 4058 1134 4138 περὶ
1160 4057 1311 4138 Εὐγενείας·
1337 4055 1428 4124 ‘Oine
1450 4057 1511 4137 περὶ
1533 4055 1663 4136 elimatius
1692 4056 1744 4134 tui>

126 4159 262 4217 versione
285 4158 375 4217 latina
392 4158 472 4218 Guil.
494 4159 530 4218 de
552 4156 724 4228 llloerbeke,
743 4175 850 4234 quam,
875 4169 909 4215 ut
964 4153 1071 4229 ἀπορῶ,
1090 4148 1162 4215 τίνας
1175 4145 1228 4226 χρὴ
1251 4148 1341 4205 καλεῖν
1356 4145 1416 4214 τοὺς
1438 4146 1557 4224 εὖγενεῖς,
1573 4179 1610 4191 -·
1627 4143 1744 4213 Εἰκότως

130 4243 164 4295 Α.
190 4237 307 4315 Peyron
334 4239 476 4312 ostendit,
503 4241 535 4297 in
554 4243 671 4315 Fragm.
695 4239 858 4312 Enpedocl.
881 4250 909 4293 et
963 4259 1002 4317 γε,
1015 4233 1089 4316 ἔφην,
1104 4238 1181 4293 τοῦτο
1196 4232 1228 4292 sis
1243 4235 1384 4313 διαπορῶν.
1400 4235 1454 4294 Καὶ
1468 4233 1519 4314 γὰρ
1532 4234 1605 4314 παρὰ
1617 4238 1669 4293 τῶν
1683 4235 1746 4293 πολ·

128 4328 294 4386 Pcarmenid.
307 4325 386 4405 Lips.
407 4327 497 4398 1810,
513 4348 544 4406 p.
562 4347 592 4403 9,
608 4345 732 4402 gracum
757 4325 840 4396 fecit,
856 4323 908 4401 qui
964 4326 1018 4382 λῶν
1041 4323 1203 4398 καὶμᾶλλον
1226 4321 1300 4401 παρὰ
1315 4325 1367 4381 τῶν
1390 4325 1476 4404 σοφῶν
1491 4319 1525 4378 ad
1540 4321 1588 4398 piu
1609 4320 1745 4404 ἅμφισὸη-

124 4413 314 4492 Simplicium
328 4413 433 4488 edidit,
445 4415 578 4490 legantur
594 4415 659 4492 (ed.
675 4414 794 4485 Veneta,
812 4413 906 4484 1555,
966 4410 1050 4468 reiron
1065 4406 1098 4467 td
1122 4409 1143 4465 δ’
1159 4410 1188 4466 οὗ
1208 4407 1314 4484 λέγεται
1330 4409 1438 4488 σαφῶς,
1465 4406 1538 4476 εὐθὺς
1562 4408 1596 4467 ‘cd
1615 4409 1676 4489 περὶ
1698 4413 1745 4481 τῆς

962 3655 1071 3714 horum
1084 3654 1269 3730 elegantiam.

1289 3812 1420 3892 aim-t

386 4623 427 4670 DE
446 4623 652 4672 PRECthONE.
937 4615 940 4693 l
1230 4619 1271 4665 DE
1288 4617 1484 4667 nouitium.

509 4787 532 4828 2.
860 4808 863 4816 ι
1346 4780 1367 4826 l.

161 4937 316 4988 Manifestum
337 4941 376 4988 est
400 4938 554 4988 Aristotelem
576 4906 705 5001 intelligere
726 4935 818 4999 aliquid
838 4949 910 4999 supra
1000 4941 1037 4987 De
1048 4938 1170 4988 nobilitate
1183 4941 1263 4988 autem
1278 4951 1323 5002 ego
1335 4937 1625 5003 planedubitoquosnam
1637 4944 1747 5004 aportat

130 5025 277 5079 intellectum
294 5028 319 5077 et
336 5024 496 5076 subeuntium
513 5039 544 5076 ex
562 5025 601 5076 his
612 5037 668 5088 quae
683 5025 708 5076 iu
729 5023 795 5076 calce
806 5022 863 5074 libri
880 5025 911 5074 de
967 5027 1089 5090 appellare
1103 5027 1203 5077 nobiles.
1215 5056 1244 5071 -
1259 5029 1308 5078 Neo
1325 5027 1455 5085 immerito,
1470 5029 1583 5092 inquam,
1599 5031 1626 5079 tu
1640 5029 1744 5080 dubitas.

132 5113 271 5164 Precatione
285 5112 365 5164 dixit:
381 5132 394 5158 ι
413 5115 479 5164 Deus
495 5115 533 5164 est
545 5113 597 5164 sire
616 5112 751 5164 intellectus
765 5113 807 5162 aut
822 5109 910 5174 aliquid
967 5114 1028 5162 Nam
1038 5114 1062 5163 et
1071 5114 1135 5177 apud
1150 5115 1235 5178 uulgus
1249 5118 1273 5165 et
1283 5118 1347 5179 apud
1359 5116 1478 5180 sapientes
1488 5115 1600 5180 quiedam
1613 5115 1746 5165 indubium

131 5200 195 5250 ultra
207 5203 363 5254 intellectum.
381 5221 393 5246 ν

888 5257 891 5263 ⁴
966 5201 1084 5251 romanu
1098 5203 1122 5252 et
1133 5201 1245 5266 quaedam
1256 5217 1305 5254 nou
1324 5205 1448 5268 pempioue
1463 5203 1653 5256 dicunturetila
1661 5203 1746 5255 aialim
