4134 6134
343 385 406 446 2³2

385 513 575 573 Demonidem
594 514 645 590 qui
667 512 716 570 hic
740 514 906 572 dominatur
927 535 992 598 cum
1010 515 1115 574 Damo-

345 603 432 675 uide‚
449 601 589 660 Damonis
599 601 702 659 musici
714 614 798 678 patre
819 601 872 680 (ci.
892 619 980 680 supra
994 602 1028 662 ir.
1042 600 1109 680 nil,

345 708 430 767 quem
446 684 546 750 Ὄαθεν
561 707 621 746 esse
635 688 707 746 dicit
721 687 857 766 Stephon.
882 689 950 764 Byz.
960 708 983 746 s.
998 709 1028 749 v.
1045 687 1114 763 ¹0«,

344 779 467 836 eundem
492 794 569 847 esse,
595 777 759 853 suspicatus
777 789 820 834 est
836 775 870 835 C.
892 775 1047 848 biiillerus,
1063 780 1114 855 qui

342 878 371 925 et
392 865 511 925 Aristot.
536 863 625 923 Polit.
647 865 685 936 tl,
710 884 739 939 9,
765 865 782 920 3
805 864 932 923 conferri
951 863 1047 942 jubet.
1067 865 1112 923 Cl.

342 953 467 1032 Sauppe,
480 956 533 1010 Die
548 955 666 1024 Ouellen
678 955 754 1010 Plut.
768 950 817 1010 fiir
829 955 882 1008 das
895 955 983 1009 leben
993 956 1043 1009 des
1055 956 1111 1010 Pe-

234 1085 238 1095 .
341 1043 419 1118 rili,
435 1040 564 1117 Gotting.
586 1040 673 1113 1867,
690 1059 721 1118 p.
742 1060 775 1111 17
792 1059 835 1116 sq.

640 1239 677 1296 25
700 1239 801 1318 (394).

380 1437 500 1509 Argum.
523 1435 638 1492 isocrat.
662 1433 831 1510 Areopagit.
852 1433 929 1512 apud
954 1433 1052 1493 Schol.
1079 1437 1111 1493 in

339 1521 467 1582 AEschin.
479 1523 639 1580 etlsocrat.
651 1519 698 1578 ed.
714 1519 749 1578 G.
762 1520 899 1581 lliudorf.
915 1521 1012 1582 Oxou.
1033 1523 1108 1581 1852

339 1632 369 1688 p.
391 1631 455 1684 ιιι,
478 1609 595 1667 Orator.
623 1609 681 1666 Au.
697 1607 743 1666 ed.
760 1607 859 1668 Didot.
877 1622 899 1668 t.
914 1608 955 1682 ll,
975 1632 1006 1689 p.
1024 1612 1081 1680 481,
1099 1633 1106 1672 :

338 1697 481 1777 Ἐφιάλτης
503 1719 541 1761 τις
562 1696 607 1754 καί
632 1697 831 1772 Θεμιστοκλῆς,
853 1703 1046 1776 χρεωστοῦντες
1074 1703 1108 1778 τῇ

338 1785 413 1843 πόλει
429 1785 556 1864 χρήματα
570 1782 616 1842 καὶ
635 1782 730 1848 εἰδότες
747 1781 803 1854 δτι,
826 1781 870 1842 tis
885 1786 1061 1858 δεκασθῶσιν,
1083 1789 1107 1845 oi

337 1873 522 1953 Ἀρεοπαγῖται
537 1871 642 1936 πάντως
657 1869 837 1944 ἀποδώσουσι,
848 1874 995 1932 καταλῦσαι
1014 1871 1107 1940 sicot<

338 1959 444 2018 ἔπεισαν
457 1957 503 2030 τὴν
519 1957 606 2030 πάλιν,
619 1955 700 2024 οὕτως
713 1956 799 2026 ούπιος
811 1957 880 2024 τινὸς
893 1957 1033 2036 μέλλοντος
1049 1982 1107 2039 κρι-

338 2048 424 2115 θῆναι.
468 2045 502 2106 ‘0
515 2045 566 2126 γάρ
586 2045 828 2124 Ἀριστοτέλης
847 2045 917 2124 λέγει
932 2050 1004 2125 έντῇ
1024 2047 1109 2108 Πολι·

337 2132 395 2211 τείρ
410 2137 461 2192 τῶν
473 2131 615 2206 Ἀθηναίων
633 2131 672 2192 ὅτι
686 2132 731 2192 καί
747 2136 761 2191 δ
779 2135 964 2210 θεμιστοκλῆς
979 2133 1062 2200 αίτιος
1076 2126 1108 2207 ἦν

339 2219 376 2296 μὴ
390 2219 476 2280 πάντα
500 2221 611 2286 δικάζειν
627 2219 684 2286 τοὺς
699 2219 895 2298 Ἀρεοπαγίτας·
915 2221 990 2290 δῆθεν
1007 2220 1055 2298 μέν
1074 2226 1109 2288 ὡς

337 2310 370 2366 δι’
385 2307 475 2374 αύτούς
500 2313 572 2366 τούτο
593 2312 740 2378 ποιοῦντες,
763 2306 792 2366 ἰδ
805 2308 827 2364 δ’
851 2307 943 2380 ἀληθές
963 2307 1006 2366 διὰ
1031 2313 1108 2368 τοῦτο

337 2393 424 2452 πάντα
445 2393 689 2462 κατασκευάζοντες·
708 2383 764 2452 εἶτα
785 2395 809 2452 ci
825 2392 970 2468 Ἀθηναῖοι,
990 2395 1109 2474 ἀσμένως

339 2480 494 2550 ἀκούσαντες
507 2486 554 2552 τῆς
568 2479 687 2552 τοιαύτης
702 2481 864 2556 συμύουλῆς,
887 2481 1033 2542 κατέλυσαν
1057 2486 1106 2542 αύ-

337 2589 406 2635 τους.

380 2656 441 2715 Ρι·ο
455 2656 649 2732 Θεμιστοκλῆς,
665 2655 711 2714 bis
732 2676 768 2715 εκ
782 2676 882 2716 ει·εοι·ε
903 2659 1043 2738 scriptum
1057 2661 1110 2720 Πι·

338 2747 438 2824 ρικλῆς,
449 2746 528 2822 quod
538 2746 600 2824 jam
614 2746 741 2804 correxit
754 2746 846 2806 Andr.
860 2746 1061 2826 hiostoxydes,
1074 2748 1108 2806 in

337 2833 415 2893 libro
426 2833 546 2912 Συλλογὴ
558 2833 718 2904 Ἑλληνικῶν
730 2833 890 2907 ἀνεκδύτων,
906 2834 1004 2896 venel.
1023 2837 1107 2894 1816.

336 2924 405 2980 fasc.
419 2923 488 3000 hp.
504 2941 530 2992 7.

634 3093 671 3149 σε·
695 3090 800 3170 (395).

374 3279 521 3338 Plutarch.
539 3278 604 3340 Vita
622 3278 726 3340 Porioi.
749 3299 776 3338 c.
802 3298 835 3336 ιο
857 3300 865 3334 ε
883 3277 1030 3356 Ἐφιάλτην
1058 3279 1105 3355 μίν

334 3359 377 3425 σύν
393 3365 502 3446 ρούερὸν
523 3365 585 3424 ὄντα
604 3373 657 3433 τοῖς
676 3367 853 3444 ὀλιγαρχικοῖς
867 3365 913 3425 καί
929 3369 990 3446 περί
1004 3365 1052 3432 τίις
1063 3368 1107 3425 σύ·

335 3454 413 3520 θύνας
423 3454 469 3513 καί
482 3452 580 3522 διώξεις
593 3455 644 3511 τῶν
658 3453 701 3511 τὀν
715 3451 798 3528 δῆμον
813 3452 969 3512 ἀδικούντων
985 3453 1106 3533 ἀπαραί-

334 3563 412 3611 τητον
433 3539 664 3605 έπιύοολεύσαντες
678 3541 702 3598 οἱ
720 3538 809 3617 ίχθροὶ
825 3539 858 3597 δι’
874 3537 1048 3622 Ἀριστοδίκου
1060 3547 1104 3600 τοῦ

335 3631 503 3706 Ταναγρικῶ
518 3627 649 3708 κρυραίεος
668 3629 767 3686 άνεῖλον
788 3671 796 3698 ,
817 3630 852 3692 ὡς
871 3626 1107 3704 Ἀριστοτέλης

333 3717 447 3797 εἴρηκεν.
463 3715 508 3775 Cl.
530 3715 680 3794 Antiphon
695 3716 731 3773 de
751 3715 826 3774 caede
853 3717 960 3776 Herod.
977 3720 995 3794 5
1019 3719 1057 3776 68
1078 3733 1107 3777 et

333 3804 454 3864 Diodor.
471 3803 529 3862 Sic.
546 3801 598 3875 xi,
616 3825 665 3876 77.

700 3981 738 4026 ih.

273 4079 278 4092 ’
363 4071 507 4123 Aristoteles
526 4070 552 4120 in
573 4069 757 4122 Atheniensium
769 4069 899 4135 Republica
913 4069 972 4120 dicit
989 4071 1104 4122 Periclem

333 4160 358 4209 in
368 4172 442 4210 causa
456 4159 532 4208 tuisse
545 4163 573 4209 ut
586 4173 633 4208 non
646 4159 727 4209 omnia
738 4157 902 4222 diiudicarent
913 4157 1073 4222 Areopagites.

697 4245 736 4288 tu.

363 4328 506 4380 Aristoteles
519 4333 605 4379 unctor
615 4333 654 4380 est
662 4328 783 4394 Ephialti‚
794 4328 860 4392 quod
870 4331 937 4380 esset
945 4328 975 4380 iis
988 4329 1031 4391 qui
1044 4341 1106 4393 psu-

334 4427 419 4464 corum
437 4416 463 4464 in
478 4414 603 4478 republica
616 4413 761 4480 principatui
780 4413 910 4465 studebant
930 4413 1104 4478 formidabilis,

333 4499 405 4562 inque
417 4515 502 4551 eorum
512 4501 556 4566 qni
569 4501 663 4566 piebem
676 4502 798 4554 lusissent
807 4501 949 4552 trirniuibus
960 4501 1099 4554 deserendis

333 4585 405 4635 nimis
423 4585 532 4649 ualdus,
550 4587 662 4640 inimicos
682 4587 784 4640 insidiet
809 4587 929 4638 struxisse
941 4592 1015 4651 atque
1029 4602 1103 4653 opera

332 4670 463 4722 Aristonici
473 4674 598 4737 ransgroi
610 4677 674 4727 clam
686 4674 813 4726 οεαίθίεεο.

695 4769 734 4814 27.

883 383 1130 466 summissis
1150 383 1398 446 nnsounurs.

1466 538 1502 588 οη
1524 518 1597 596 (396
1606 517 1626 597 ).

1208 629 1309 689 Schol.
1333 631 1366 690 in
1381 630 1505 689 Lucian.
1527 630 1650 692 Timon.
1674 653 1702 692 c.
1719 632 1757 689 3ο
1776 652 1808 709 p.
1834 639 1872 703 47
1896 631 1935 689 cd

1169 716 1301 776 Jacobiu
1318 740 1326 775 ε
1341 716 1459 789 Ἐπίστη
1473 719 1501 776 δὲ
1518 719 1644 799 (Κλέων)
1659 718 1753 800 κοίτη
1772 718 1843 798 πρὸς
1856 723 1945 780 Δακε-

1169 805 1317 881 δαιμονίους
1332 802 1441 883 εἰρήνη,
1464 806 1500 872 ts<
1515 805 1664 886 Φιλόχορος
1682 807 1729 866 καὶ
1749 805 1945 885 Ἀριστοφάνης

1168 891 1286 971 προσθείς
1294 892 1409 972 ἄρχοντα
1419 890 1542 952 Εὔθυνον.
1556 893 1620 972 (01.
1637 895 1687 953 88.
1701 895 1735 968 3)
1752 893 1944 973 Ἀριστοτέ·

1167 980 1230 1048 λης
1243 977 1270 1037 δί
1282 979 1327 1038 καί
1341 978 1552 1057 περιζονσάμενον
1568 979 1645 1040 attis
1656 980 1728 1058 λέγει
1742 982 1944 1060 δημηγορῆσαι,

1168 1067 1202 1130 εἰς
1213 1063 1261 1136 τὴν
1272 1065 1425 1144 θρασύτητα
1438 1067 1517 1124 citui
1528 1069 1723 1127 ἀποσκώπτων.

1206 1151 1274 1211 Ηεεο
1286 1153 1350 1212 sine
1362 1151 1455 1212 dubio
1470 1173 1537 1212 curu
1552 1154 1772 1216 liemstcrltusio
1787 1157 1829 1215 ita
1843 1157 1944 1214 corri-

1167 1239 1342 1314 μετέσσυται
1355 1261 1363 1296 ε
1387 1236 1436 1308 Ὦς
1455 1239 1604 1320 Φιλόχορος
1618 1241 1738 1320 προσθείς
1751 1241 1872 1323 ἄρχοντα
1886 1241 1945 1302 Εὗ-

1169 1333 1243 1386 θυνον
1260 1326 1304 1387 καί
1318 1327 1508 1408 Ἀριστοτέλης.
1524 1327 1709 1408 Ἀριστοφάνης
1725 1329 1753 1388 δέ
1766 1330 1814 1389 καὶ
1823 1333 1944 1409 περιζω-

1168 1415 1280 1491 σάμενον
1297 1417 1353 1476 κτέ.
1377 1419 1421 1474 De
1445 1434 1477 1472 re
1491 1414 1527 1473 εί.
1545 1415 1644 1475 Schol.
1658 1417 1690 1474 in
1707 1416 1836 1478 AEschin.
1851 1438 1878 1476 c„
1891 1417 1946 1475 Ti-

1166 1503 1276 1562 march.
1305 1505 1323 1580 S
1346 1503 1383 1562 οὔ
1408 1522 1417 1563 :
1439 1503 1552 1579 Λέγεται
1574 1504 1602 1564 δέ
1625 1503 1718 1566 Κλέων
1742 1509 1758 1564 θ
1782 1505 1944 1583 δημαγωγὸς

1164 1589 1287 1670 erupuit<
1300 1593 1331 1650 τὸ
1343 1590 1370 1660 ἕξ
1389 1590 1462 1658 ίθους
1473 1596 1566 1670 σχῆμα
1581 1593 1707 1670 (scilicet
1723 1591 1754 1650 τὸ
1775 1592 1850 1660 inde
1866 1593 1940 1671 ἔχειν

1163 1676 1211 1749 she
1229 1686 1306 1757 χεῖρα
1320 1676 1449 1757 λέγοντα)
1463 1677 1670 1759 περιζωσάμενος
1683 1679 1881 1759 δημηγορῖραι.

1464 1795 1501 1850 2⁸
1515 1791 1524 1873 t
1536 1795 1592 1870 ³97
1607 1795 1628 1870 l·

1204 1916 1352 1976 Plutarch.
1368 1916 1402 1974 V.
1418 1916 1506 1976 Niciae
1518 1939 1542 1975 c.
1559 1938 1595 1975 2:
1611 1917 1734 1979 Ἐνεστιν
1748 1909 1794 1978 οδε
1806 1919 1871 1998 περὶ
1892 1923 1941 1980 h‘r·

1164 2002 1220 2062 κίου
1239 2007 1341 2084 πρῶτον
1355 2007 1436 2064 εἰπεῖν
1451 2003 1605 2086 δγίγραρεν
1627 2004 1879 2085 Ἀριστοτέλης,
1902 2005 1939 2062 δτι

1164 2094 1232 2171 τρεῖς
1254 2092 1371 2171 ίγένοντο
1394 2093 1522 2172 βέλτιστοι
1536 2096 1588 2152 τῶν
1601 2096 1716 2152 πολιτῶν
1736 2094 1782 2152 καὶ
1808 2095 1939 2172 πατρικὴν

1164 2179 1266 2259 ίχοντις
1279 2179 1378 2240 εύνσταν
1393 2187 1438 2240 καὶ
1462 2183 1549 2259 ριλίαν
1563 2181 1626 2259 πρὸς
1638 2181 1683 2241 τὸν
1702 2181 1796 2258 δῆμον,
1816 2181 1938 2248 Nesimi

1164 2270 1315 2347 Νικηράτου
1341 2271 1386 2328 καὶ
1405 2271 1567 2344 Θουκυδίδης
1586 2273 1599 2328 δ
1621 2271 1757 2346 Μελησίου
1777 2271 1823 2329 καὶ
1843 2272 1937 2351 θηρα-

1164 2357 1243 2434 eiu<
1256 2361 1270 2416 ὅ
1281 2355 1419 2436 Ἄκουε·

1461 2506 1498 2561 29
1520 2485 1623 2564 (3987.

1205 2599 1304 2665 schol.
1321 2603 1471 2682 Aristoph.
1486 2603 1559 2663 han.
1580 2603 1654 2662 1532
1673 2605 1821 2683 ιΚλιογνῶν
1836 2602 1864 2661 δέ
1878 2628 1933 2680 μα-

1165 2686 1271 2767 poto:
1286 2690 1411 2770 παρόσον,
1423 2695 1458 2757 ὡς
1474 2691 1499 2750 Ἀ
1508 2691 1703 2770 ριστοτέλης
1716 2691 1791 2770 ρησί,
1801 2691 1871 2768 μετά
1883 2690 1932 2762 τὴν

1162 2779 1189 2836 έν
1201 2775 1375 2859 Ἀργινούσαις
1392 2779 1542 2858 ναυμαχίαν
1560 2777 1774 2856 Λακεδαιμονίαν
1791 2779 1931 2857 βουλομέ-

1162 2888 1213 2923 νων
1235 2867 1266 2925 ίκ
1283 2867 1423 2934 Δεκελείας
1444 2865 1550 2927 άπιέναι
1575 2869 1616 2947 ἐρ’
1642 2857 1680 2933 οἷς
1696 2866 1794 2947 ίχυισνν
1808 2866 1930 2944 έκάττροε

1161 2952 1206 3012 καί
1230 2952 1335 3033 εἰρήνην
1355 2954 1427 3031 άγιιν
1450 2956 1495 3015 ἐπί
1519 2961 1566 3015 τοῦ
1585 2955 1703 3015 Καλλίου
1721 2955 1783 3025 (ot.
1804 2957 1857 3031 93,
1879 2957 1930 3033 3),

1162 3041 1288 3120 Κλεοφῶν
1304 3041 1392 3100 iustos
1402 3043 1446 3102 τὸν
1458 3044 1540 3119 δῆμον
1555 3041 1593 3118 μὴ
1602 3041 1793 3122 προσδέξασθαι
1806 3041 1888 3101 ἐλθὸν
1897 3045 1933 3108 είς

1160 3127 1209 3200 rhu
1230 3128 1370 3200 ἐκκλησίαν
1394 3129 1496 3208 μεθύων
1521 3130 1566 3189 καί
1587 3129 1693 3209 θώρακα
1720 3129 1879 3203 ένδεδυκένς,
1901 3135 1930 3188 ού

1160 3213 1268 3298 priuatus
1286 3216 1433 3297 ίπιτρέψειν
1453 3216 1499 3277 tis
1523 3217 1561 3294 μὴ
1575 3218 1663 3284 πάσας
1676 3220 1763 3298 ἐρῶσι
1783 3219 1833 3285 τὰς
1847 3220 1932 3284 πόλεις

1160 3304 1184 3360 σί
1204 3304 1417 3380 Λακεδαιμόνιοι.

1199 3391 1295 3450 Verba
1314 3391 1359 3452 tsi
1372 3397 1418 3450 τοῦ
1437 3391 1554 3452 Καλλίου
1572 3394 1668 3453 statim
1682 3405 1750 3472 post
1763 3391 1835 3470 perd
1844 3392 1892 3465 τλν
1905 3396 1931 3451 ἐν

1160 3476 1333 3556 Ἀργινούσαις
1355 3478 1506 3557 ναυμαχίαν
1530 3480 1601 3557 poni
1621 3478 1708 3557 jubet
1731 3479 1875 3540 Cohelius
1896 3481 1929 3538 ad

1160 3563 1290 3624 Platonis
1300 3564 1406 3624 comici
1417 3565 1599 3645 reliquiasp.
1616 3571 1682 3626 168.

1457 3686 1493 3744 ³0
1512 3686 1620 3765 (³99)-

1129 3817 1134 3866 i
1201 3811 1456 3890 Harpocration&
1478 3833 1507 3869 v.
1533 3813 1753 3882 Δεκάζων,...
1790 3811 1931 3892 Ἀρεστο·

1525 3983 1564 4028 ²8.

1192 4067 1228 4116 lie
1245 4066 1313 4117 lituis
1326 4064 1432 4130 primum
1449 4079 1641 4116 commemorare
1659 4065 1733 4126 linet,
1749 4064 1817 4129 quod
1837 4066 1933 4130 scripsi

1159 4152 1316 4214 erutorum
1332 4153 1446 4204 nimirum
1457 4157 1510 4205 tres
1523 4154 1558 4205 ait
1568 4152 1674 4216 optimos
1686 4152 1763 4203 luisse
1771 4154 1841 4204 eires
1847 4155 1931 4218 putris

1158 4253 1240 4292 amore
1249 4245 1274 4291 et
1284 4240 1310 4290 in
1321 4241 1439 4306 populum
1447 4240 1615 4291 benevolentis
1626 4240 1743 4304 insignes.
1754 4240 1851 4291 lineium
1862 4242 1931 4291 iiiuc·
2040 4238 2042 4267 ⁵

1158 4330 1220 4392 rati,
1241 4329 1410 4393 Thucydidem
1427 4329 1520 4380 Melesti
1533 4333 1559 4380 et
1581 4330 1757 4380 Theramenem
1777 4330 1888 4394 uncos
1903 4331 1931 4379 ti-
2040 4330 2042 4415 Ξ

1156 4417 1225 4469 lium
2040 4422 2042 4449 ἱ

1524 4511 1563 4556 tt.

1186 4592 1329 4646 Aristoteles
1340 4592 1400 4644 dicit
1411 4596 1467 4657 pust
1479 4591 1592 4656 protum
1602 4592 1689 4642 navale
1698 4590 1731 4641 ad
1743 4590 1934 4656 Arginusassob
2040 4635 2042 4647 ,

1155 4681 1358 4732 seiunctum
1369 4677 1819 4742 commissum,quumlaucduruonii
1830 4676 1933 4727 Decetia

1155 4764 1273 4818 excedere
1288 4766 1418 4817 vellentes
1427 4765 1566 4816 conditione
1581 4767 1611 4814 ut
1623 4764 1757 4815 retinerent
1767 4760 1870 4825 ubique
1877 4773 1934 4824 qne

364 4848 467 4900 Obstitit
485 4849 561 4902 Gleon
582 4863 614 4900 ne
627 4864 675 4914 pax
689 4866 746 4904 cum
758 4851 949 4904 lacedemoniis
969 4851 1053 4913 lieret,
1074 4855 1104 4903 ut
1151 4854 1204 4918 lam
1215 4853 1381 4918 possiderent,
1398 4851 1520 4917 σθ’ρεοεια
1532 4863 1619 4916 agere,
1631 4849 1756 4915 cteophen
1767 4847 1862 4914 populu
1875 4863 1933 4900 sua·

331 4936 493 4989 Philochorus
508 4937 555 4990 ait.
580 4939 752 5003 Aristophanes
761 4943 786 4992 et
798 4939 959 4992 Philochorus
970 4939 995 4991 id
1012 4941 1104 4993 tectum

330 5037 385 5076 esse
396 5029 533 5076 memorant
543 5024 590 5076 sub
601 5025 717 5078 archonte
733 5027 852 5091 Euthyno.
876 5029 1019 5080 Aristoteles
1029 5029 1103 5080 etism

330 5113 489 5177 procinctum
498 5113 648 5165 inconcione
660 5112 751 5166 dixisse
767 5115 801 5166 ait
812 5116 977 5168 temeritatem
991 5115 1043 5180 elus
1057 5130 1103 5168 no·

328 5203 396 5254 taus.

1155 4941 1188 4994 sit
1201 4955 1232 4992 ne
1248 4941 1292 4992 itas
1312 4939 1462 4991 conditiones
1484 4938 1657 4998 admitterent,
1672 4936 1755 4988 ebrius
1768 4939 1794 4987 et
1813 4935 1933 4986 tornum

1155 5029 1181 5080 in
1193 5028 1333 5080 concionem
1346 5027 1460 5089 sentens,
1471 5027 1615 5092 insonsque
1625 5024 1724 5076 minime
1742 5037 1771 5076 se
1791 5026 1820 5075 ut
1831 5023 1934 5075 necetis

1158 5115 1277 5168 decedant
1289 5114 1465 5168 lacelemouii
1479 5127 1666 5174 concessurum,
1682 5111 1729 5162 nisi
1742 5109 1852 5175 reliquas
1867 5124 1931 5174 quo

1158 5217 1207 5269 qne
1222 5204 1297 5255 urbes
1314 5205 1443 5255 universas
1455 5201 1642 5254 Atheniensibus
1654 5197 1812 5250 reddiderint.
