<?xml version="1.0" encoding="UTF-8"?>
<!DOCTYPE html PUBLIC "-//W3C//DTD XHTML 1.0 Transitional//EN"
    "http://www.w3.org/TR/xhtml1/DTD/xhtml1-transitional.dtd">
<html xmlns="http://www.w3.org/1999/xhtml" xml:lang="en" lang="en">
 <head>
  <title>
</title>
<meta http-equiv="Content-Type" content="text/html;charset=utf-8" />
  <meta name='ocr-system' content='tesseract 3.04.00' />
  <meta name='ocr-capabilities' content='ocr_page ocr_carea ocr_par ocr_line ocrx_word'/>
</head>
<body>
  <div class='ocr_page' id='page_1' title='image "aristotelisoper12arisgoog_0022.png"; bbox 0 0 4134 6134; ppageno 0'>
   <div class='ocr_carea' id='block_1_1' title="bbox 467 765 1230 863">
    <p class='ocr_par' dir='ltr' id='par_1_1' title="bbox 467 765 1230 863">
     <span class='ocr_line' id='line_1_1' title="bbox 467 765 1230 863; baseline -0.009 0"><span class='ocrx_word' id='word_1_1' title='bbox 467 825 521 863; x_wconf 70' lang='lat' dir='ltr'><strong>vn</strong></span> <span class='ocrx_word' id='word_1_2' title='bbox 836 765 839 774; x_wconf 72' lang='grc'><strong>’</strong></span> <span class='ocrx_word' id='word_1_3' title='bbox 1014 799 1230 857; x_wconf 71' lang='lat' dir='ltr'><strong>euertere.</strong></span> 
     </span>
    </p>
   </div>
   <div class='ocr_carea' id='block_1_2' title="bbox 343 930 1787 1520">
    <p class='ocr_par' dir='ltr' id='par_1_2' title="bbox 343 930 1787 1520">
     <span class='ocr_line' id='line_1_2' title="bbox 466 930 1787 1028; baseline -0.006 -20"><span class='ocrx_word' id='word_1_4' title='bbox 466 953 562 1008; x_wconf 82' lang='lat' dir='ltr'><strong>teres</strong></span> <span class='ocrx_word' id='word_1_5' title='bbox 583 934 812 1012; x_wconf 61' lang='lat' dir='ltr'><strong>scholastici..</strong></span> <span class='ocrx_word' id='word_1_6' title='bbox 828 939 898 1004; x_wconf 85' lang='lat' dir='ltr'><strong>Nec</strong></span> <span class='ocrx_word' id='word_1_7' title='bbox 929 933 1176 1026; x_wconf 87' lang='lat' dir='ltr'><strong>jocosissimus</strong></span> <span class='ocrx_word' id='word_1_8' title='bbox 1197 933 1234 1002; x_wconf 91' lang='lat' dir='ltr'><strong>in</strong></span> <span class='ocrx_word' id='word_1_9' title='bbox 1261 930 1333 1001; x_wconf 84' lang='lat' dir='ltr'><strong>huc</strong></span> <span class='ocrx_word' id='word_1_10' title='bbox 1361 956 1491 1026; x_wconf 83' lang='lat' dir='ltr'><strong>genere</strong></span> <span class='ocrx_word' id='word_1_11' title='bbox 1508 945 1615 1028; x_wconf 88' lang='lat' dir='ltr'><strong>poeta</strong></span> <span class='ocrx_word' id='word_1_12' title='bbox 1647 945 1787 1002; x_wconf 75' lang='lat' dir='ltr'><strong>nostras</strong></span> 
     </span>
     <span class='ocr_line' id='line_1_3' title="bbox 464 1052 1787 1154; baseline -0.004 -25"><span class='ocrx_word' id='word_1_13' title='bbox 464 1060 624 1129; x_wconf 88' lang='lat' dir='ltr'><strong>comicus</strong></span> <span class='ocrx_word' id='word_1_14' title='bbox 642 1072 694 1129; x_wconf 89' lang='lat' dir='ltr'><strong>est</strong></span> <span class='ocrx_word' id='word_1_15' title='bbox 709 1056 805 1154; x_wconf 87' lang='lat' dir='ltr'><strong>apud</strong></span> <span class='ocrx_word' id='word_1_16' title='bbox 824 1081 934 1154; x_wconf 90' lang='lat' dir='ltr'><strong>quem</strong></span> <span class='ocrx_word' id='word_1_17' title='bbox 951 1057 1070 1126; x_wconf 86' lang='lat' dir='ltr'><strong>nescio</strong></span> <span class='ocrx_word' id='word_1_18' title='bbox 1090 1057 1171 1151; x_wconf 85' lang='lat' dir='ltr'><strong>quis</strong></span> <span class='ocrx_word' id='word_1_19' title='bbox 1185 1055 1409 1126; x_wconf 77' lang='lat' dir='ltr'><strong>Aristotelem</strong></span> <span class='ocrx_word' id='word_1_20' title='bbox 1429 1056 1465 1124; x_wconf 88' lang='lat' dir='ltr'><strong>in</strong></span> <span class='ocrx_word' id='word_1_21' title='bbox 1485 1056 1601 1150; x_wconf 90' lang='lat' dir='ltr'><strong>capite</strong></span> <span class='ocrx_word' id='word_1_22' title='bbox 1621 1052 1667 1124; x_wconf 91' lang='lat' dir='ltr'><strong>de</strong></span> <span class='ocrx_word' id='word_1_23' title='bbox 1684 1054 1787 1152; x_wconf 90' lang='lat' dir='ltr'><strong>pileis</strong></span> 
     </span>
     <span class='ocr_line' id='line_1_4' title="bbox 343 1174 1786 1270; baseline -0.005 -20"><span class='ocrx_word' id='word_1_24' title='bbox 343 1204 349 1214; x_wconf 87' lang='lat'><strong>·</strong></span> <span class='ocrx_word' id='word_1_25' title='bbox 466 1179 614 1252; x_wconf 88' lang='lat' dir='ltr'><strong>laudans</strong></span> <span class='ocrx_word' id='word_1_26' title='bbox 633 1180 827 1250; x_wconf 77' lang='lat' dir='ltr'><strong>inducitur.</strong></span> <span class='ocrx_word' id='word_1_27' title='bbox 850 1180 913 1248; x_wconf 86' lang='lat' dir='ltr'><strong>Vix</strong></span> <span class='ocrx_word' id='word_1_28' title='bbox 924 1181 1045 1249; x_wconf 90' lang='lat' dir='ltr'><strong>minus</strong></span> <span class='ocrx_word' id='word_1_29' title='bbox 1060 1178 1205 1248; x_wconf 88' lang='lat' dir='ltr'><strong>ridiculi</strong></span> <span class='ocrx_word' id='word_1_30' title='bbox 1219 1192 1302 1246; x_wconf 90' lang='lat' dir='ltr'><strong>sunt</strong></span> <span class='ocrx_word' id='word_1_31' title='bbox 1322 1192 1539 1247; x_wconf 73' lang='lat' dir='ltr'><strong>tractatuum</strong></span> <span class='ocrx_word' id='word_1_32' title='bbox 1554 1175 1649 1246; x_wconf 91' lang='lat' dir='ltr'><strong>tituli</strong></span> <span class='ocrx_word' id='word_1_33' title='bbox 1662 1174 1786 1270; x_wconf 90' lang='lat' dir='ltr'><strong>quales</strong></span> 
     </span>
     <span class='ocr_line' id='line_1_5' title="bbox 465 1300 1782 1400; baseline -0.007 -26"><span class='ocrx_word' id='word_1_34' title='bbox 465 1306 501 1375; x_wconf 94' lang='lat' dir='ltr'><strong>in</strong></span> <span class='ocrx_word' id='word_1_35' title='bbox 518 1303 746 1376; x_wconf 84' lang='lat' dir='ltr'><strong>bibliothecis</strong></span> <span class='ocrx_word' id='word_1_36' title='bbox 768 1303 887 1373; x_wconf 89' lang='lat' dir='ltr'><strong>adbuc</strong></span> <span class='ocrx_word' id='word_1_37' title='bbox 906 1304 1139 1400; x_wconf 89' lang='lat' dir='ltr'><strong>reperiuntur</strong></span> <span class='ocrx_word' id='word_1_38' title='bbox 1159 1300 1355 1371; x_wconf 83' lang='lat' dir='ltr'><strong>Aristotelis</strong></span> <span class='ocrx_word' id='word_1_39' title='bbox 1367 1326 1499 1372; x_wconf 89' lang='lat' dir='ltr'><strong>nomen</strong></span> <span class='ocrx_word' id='word_1_40' title='bbox 1525 1300 1782 1371; x_wconf 84' lang='lat' dir='ltr'><strong>ementientes:</strong></span> 
     </span>
     <span class='ocr_line' id='line_1_6' title="bbox 464 1410 1784 1520; baseline -0.003 -24"><span class='ocrx_word' id='word_1_41' title='bbox 464 1427 507 1496; x_wconf 80' lang='lat' dir='ltr'><strong>dc</strong></span> <span class='ocrx_word' id='word_1_42' title='bbox 523 1435 610 1498; x_wconf 80' lang='lat' dir='ltr'><strong>Arte</strong></span> <span class='ocrx_word' id='word_1_43' title='bbox 624 1429 778 1507; x_wconf 74' lang='lat' dir='ltr'><strong>notorieu</strong></span> <span class='ocrx_word' id='word_1_44' title='bbox 800 1425 843 1494; x_wconf 85' lang='lat' dir='ltr'><strong>de</strong></span> <span class='ocrx_word' id='word_1_45' title='bbox 857 1421 1099 1496; x_wconf 70' lang='lat' dir='ltr'><strong>conductibus</strong></span> <span class='ocrx_word' id='word_1_46' title='bbox 1112 1449 1297 1520; x_wconf 70' lang='lat' dir='ltr'><strong>opacarum,</strong></span> <span class='ocrx_word' id='word_1_47' title='bbox 1312 1423 1355 1492; x_wconf 73' lang='lat' dir='ltr'><strong>tle</strong></span> <span class='ocrx_word' id='word_1_48' title='bbox 1371 1410 1587 1495; x_wconf 64' lang='lat' dir='ltr'><strong>(immutatio</strong></span> <span class='ocrx_word' id='word_1_49' title='bbox 1602 1422 1661 1519; x_wconf 81' lang='lat' dir='ltr'><strong>(cl.</strong></span> <span class='ocrx_word' id='word_1_50' title='bbox 1678 1425 1784 1510; x_wconf 83' lang='lat' dir='ltr'><strong>Rose,</strong></span> 
     </span>
    </p>
   </div>
   <div class='ocr_carea' id='block_1_3' title="bbox 465 1546 1813 4978">
    <p class='ocr_par' dir='ltr' id='par_1_3' title="bbox 466 1546 1789 2483">
     <span class='ocr_line' id='line_1_7' title="bbox 466 1546 1783 1646; baseline -0.006 -24"><span class='ocrx_word' id='word_1_51' title='bbox 466 1553 578 1622; x_wconf 82' lang='lat' dir='ltr'><strong>Arist.</strong></span> <span class='ocrx_word' id='word_1_52' title='bbox 595 1548 836 1646; x_wconf 61' lang='lat' dir='ltr'><strong>Pseudepigr„</strong></span> <span class='ocrx_word' id='word_1_53' title='bbox 856 1575 893 1645; x_wconf 93' lang='lat' dir='ltr'><strong>p.</strong></span> <span class='ocrx_word' id='word_1_54' title='bbox 911 1548 1011 1643; x_wconf 80' lang='lat'>606),</span> <span class='ocrx_word' id='word_1_55' title='bbox 1029 1547 1150 1619; x_wconf 85' lang='lat' dir='ltr'><strong>utalia</strong></span> <span class='ocrx_word' id='word_1_56' title='bbox 1165 1548 1238 1618; x_wconf 88' lang='lat' dir='ltr'><strong>sive</strong></span> <span class='ocrx_word' id='word_1_57' title='bbox 1256 1547 1464 1642; x_wconf 86' lang='lat' dir='ltr'><strong>astrologica</strong></span> <span class='ocrx_word' id='word_1_58' title='bbox 1483 1549 1557 1617; x_wconf 87' lang='lat' dir='ltr'><strong>sive</strong></span> <span class='ocrx_word' id='word_1_59' title='bbox 1573 1546 1783 1641; x_wconf 80' lang='lat' dir='ltr'><strong>alehymica‚</strong></span> 
     </span>
     <span class='ocr_line' id='line_1_8' title="bbox 466 1670 1786 1776; baseline -0.005 -32"><span class='ocrx_word' id='word_1_60' title='bbox 466 1698 545 1772; x_wconf 87' lang='lat' dir='ltr'><strong>quae</strong></span> <span class='ocrx_word' id='word_1_61' title='bbox 563 1689 753 1760; x_wconf 89' lang='lat' dir='ltr'><strong>vocantur,</strong></span> <span class='ocrx_word' id='word_1_62' title='bbox 770 1687 920 1743; x_wconf 90' lang='lat' dir='ltr'><strong>taceam.</strong></span> <span class='ocrx_word' id='word_1_63' title='bbox 943 1672 1035 1742; x_wconf 87' lang='lat' dir='ltr'><strong>Talia</strong></span> <span class='ocrx_word' id='word_1_64' title='bbox 1057 1695 1162 1742; x_wconf 90' lang='lat' dir='ltr'><strong>nosse</strong></span> <span class='ocrx_word' id='word_1_65' title='bbox 1178 1696 1305 1776; x_wconf 84' lang='lat' dir='ltr'><strong>eorum</strong></span> <span class='ocrx_word' id='word_1_66' title='bbox 1329 1672 1438 1743; x_wconf 78' lang='lat' dir='ltr'><strong>refert</strong></span> <span class='ocrx_word' id='word_1_67' title='bbox 1461 1671 1577 1767; x_wconf 86' lang='lat' dir='ltr'><strong>quiin</strong></span> <span class='ocrx_word' id='word_1_68' title='bbox 1596 1670 1786 1741; x_wconf 82' lang='lat' dir='ltr'><strong>historiam</strong></span> 
     </span>
     <span class='ocr_line' id='line_1_9' title="bbox 466 1792 1788 1892; baseline -0.003 -26"><span class='ocrx_word' id='word_1_69' title='bbox 466 1796 760 1867; x_wconf 89' lang='lat' dir='ltr'><strong>scholasticorum</strong></span> <span class='ocrx_word' id='word_1_70' title='bbox 774 1797 977 1892; x_wconf 87' lang='lat' dir='ltr'><strong>inquirunt,</strong></span> <span class='ocrx_word' id='word_1_71' title='bbox 993 1821 1076 1866; x_wconf 90' lang='lat' dir='ltr'><strong>eum</strong></span> <span class='ocrx_word' id='word_1_72' title='bbox 1090 1819 1261 1889; x_wconf 83' lang='lat' dir='ltr'><strong>germano</strong></span> <span class='ocrx_word' id='word_1_73' title='bbox 1280 1819 1366 1865; x_wconf 75' lang='lat' dir='ltr'><strong>vero</strong></span> <span class='ocrx_word' id='word_1_74' title='bbox 1382 1792 1568 1864; x_wconf 82' lang='lat' dir='ltr'><strong>Aristotele</strong></span> <span class='ocrx_word' id='word_1_75' title='bbox 1585 1792 1674 1863; x_wconf 91' lang='lat' dir='ltr'><strong>nihil</strong></span> <span class='ocrx_word' id='word_1_76' title='bbox 1687 1817 1788 1864; x_wconf 87' lang='lat' dir='ltr'><strong>corn·</strong></span> 
     </span>
     <span class='ocr_line' id='line_1_10' title="bbox 467 1916 1785 2014; baseline -0.002 -25"><span class='ocrx_word' id='word_1_77' title='bbox 467 1943 576 1990; x_wconf 91' lang='lat' dir='ltr'><strong>mune</strong></span> <span class='ocrx_word' id='word_1_78' title='bbox 588 1918 737 1992; x_wconf 89' lang='lat' dir='ltr'><strong>habent.</strong></span> <span class='ocrx_word' id='word_1_79' title='bbox 754 1925 824 1991; x_wconf 90' lang='lat' dir='ltr'><strong>Nec</strong></span> <span class='ocrx_word' id='word_1_80' title='bbox 842 1919 950 2014; x_wconf 83' lang='lat' dir='ltr'><strong>magis</strong></span> <span class='ocrx_word' id='word_1_81' title='bbox 965 1919 1155 1990; x_wconf 80' lang='lat' dir='ltr'><strong>conferunt</strong></span> <span class='ocrx_word' id='word_1_82' title='bbox 1170 1917 1216 1988; x_wconf 90' lang='lat' dir='ltr'><strong>ad</strong></span> <span class='ocrx_word' id='word_1_83' title='bbox 1228 1919 1488 1988; x_wconf 86' lang='lat' dir='ltr'><strong>accuratiorem</strong></span> <span class='ocrx_word' id='word_1_84' title='bbox 1501 1916 1709 2014; x_wconf 84' lang='lat' dir='ltr'><strong>philosophi</strong></span> <span class='ocrx_word' id='word_1_85' title='bbox 1721 1940 1785 1986; x_wconf 92' lang='lat' dir='ltr'><strong>uo-</strong></span> 
     </span>
     <span class='ocr_line' id='line_1_11' title="bbox 466 2025 1785 2141; baseline -0.003 -28"><span class='ocrx_word' id='word_1_86' title='bbox 466 2043 581 2114; x_wconf 88' lang='lat' dir='ltr'><strong>titiam</strong></span> <span class='ocrx_word' id='word_1_87' title='bbox 603 2025 877 2140; x_wconf 72' lang='lat' dir='ltr'><strong>quaecunqueex</strong></span> <span class='ocrx_word' id='word_1_88' title='bbox 894 2044 1047 2116; x_wconf 90' lang='lat' dir='ltr'><strong>arabicis</strong></span> <span class='ocrx_word' id='word_1_89' title='bbox 1065 2044 1281 2141; x_wconf 90' lang='lat' dir='ltr'><strong>plerumque</strong></span> <span class='ocrx_word' id='word_1_90' title='bbox 1298 2042 1460 2114; x_wconf 86' lang='lat' dir='ltr'><strong>lontibus</strong></span> <span class='ocrx_word' id='word_1_91' title='bbox 1475 2041 1647 2130; x_wconf 78' lang='lat' dir='ltr'><strong>derivata,</strong></span> <span class='ocrx_word' id='word_1_92' title='bbox 1663 2041 1785 2110; x_wconf 88' lang='lat' dir='ltr'><strong>sivein</strong></span> 
     </span>
     <span class='ocr_line' id='line_1_12' title="bbox 467 2139 1785 2264; baseline -0.005 -27"><span class='ocrx_word' id='word_1_93' title='bbox 467 2165 733 2261; x_wconf 87' lang='lat' dir='ltr'><strong>antiquioribus</strong></span> <span class='ocrx_word' id='word_1_94' title='bbox 751 2167 967 2263; x_wconf 87' lang='lat' dir='ltr'><strong>quibusdam</strong></span> <span class='ocrx_word' id='word_1_95' title='bbox 992 2165 1212 2238; x_wconf 89' lang='lat' dir='ltr'><strong>editionibus</strong></span> <span class='ocrx_word' id='word_1_96' title='bbox 1231 2168 1323 2263; x_wconf 90' lang='lat' dir='ltr'><strong>typis</strong></span> <span class='ocrx_word' id='word_1_97' title='bbox 1341 2139 1510 2264; x_wconf 48' lang='lat' dir='ltr'><strong>&#39;expressa</strong></span> <span class='ocrx_word' id='word_1_98' title='bbox 1540 2179 1636 2252; x_wconf 88' lang='lat' dir='ltr'><strong>sunt,</strong></span> <span class='ocrx_word' id='word_1_99' title='bbox 1660 2165 1734 2233; x_wconf 88' lang='lat' dir='ltr'><strong>sive</strong></span> <span class='ocrx_word' id='word_1_100' title='bbox 1749 2164 1785 2232; x_wconf 93' lang='lat' dir='ltr'><strong>in</strong></span> 
     </span>
     <span class='ocr_line' id='line_1_13' title="bbox 469 2286 1789 2386; baseline 0.001 -30"><span class='ocrx_word' id='word_1_101' title='bbox 469 2286 655 2358; x_wconf 88' lang='lat' dir='ltr'><strong>codicibus</strong></span> <span class='ocrx_word' id='word_1_102' title='bbox 669 2303 806 2358; x_wconf 81' lang='lat' dir='ltr'><strong>exstare</strong></span> <span class='ocrx_word' id='word_1_103' title='bbox 821 2287 1006 2359; x_wconf 59' lang='lat' dir='ltr'><strong>dicuntur,</strong></span> <span class='ocrx_word' id='word_1_104' title='bbox 1021 2293 1066 2358; x_wconf 78' lang='lat' dir='ltr'><strong>Ex</strong></span> <span class='ocrx_word' id='word_1_105' title='bbox 1085 2315 1159 2385; x_wconf 86' lang='lat' dir='ltr'><strong>quo</strong></span> <span class='ocrx_word' id='word_1_106' title='bbox 1171 2314 1299 2386; x_wconf 86' lang='lat' dir='ltr'><strong>genere</strong></span> <span class='ocrx_word' id='word_1_107' title='bbox 1313 2315 1394 2386; x_wconf 83' lang='lat' dir='ltr'><strong>quae</strong></span> <span class='ocrx_word' id='word_1_108' title='bbox 1408 2289 1589 2360; x_wconf 85' lang='lat' dir='ltr'><strong>notissima</strong></span> <span class='ocrx_word' id='word_1_109' title='bbox 1606 2304 1689 2359; x_wconf 85' lang='lat' dir='ltr'><strong>sunt</strong></span> <span class='ocrx_word' id='word_1_110' title='bbox 1704 2287 1789 2357; x_wconf 82' lang='lat' dir='ltr'><strong>bre·</strong></span> 
     </span>
     <span class='ocr_line' id='line_1_14' title="bbox 470 2387 1081 2483; baseline 0.008 -5"><span class='ocrx_word' id='word_1_111' title='bbox 470 2411 561 2481; x_wconf 87' lang='lat' dir='ltr'><strong>viter</strong></span> <span class='ocrx_word' id='word_1_112' title='bbox 575 2409 636 2480; x_wconf 84' lang='lat' dir='ltr'><strong>hle</strong></span> <span class='ocrx_word' id='word_1_113' title='bbox 650 2410 855 2483; x_wconf 88' lang='lat' dir='ltr'><strong>recensebo.</strong></span> <span class='ocrx_word' id='word_1_114' title='bbox 1078 2387 1081 2394; x_wconf 27' lang='grc' dir='ltr'>Ι</span> 
     </span>
    </p>

    <p class='ocr_par' dir='ltr' id='par_1_4' title="bbox 465 2518 1813 4978">
     <span class='ocr_line' id='line_1_15' title="bbox 517 2518 1789 2632; baseline 0.002 -29"><span class='ocrx_word' id='word_1_115' title='bbox 517 2537 617 2630; x_wconf 90' lang='lat' dir='ltr'><strong>Opus</strong></span> <span class='ocrx_word' id='word_1_116' title='bbox 633 2532 730 2629; x_wconf 90' lang='lat' dir='ltr'><strong>quod</strong></span> <span class='ocrx_word' id='word_1_117' title='bbox 751 2533 985 2604; x_wconf 82' lang='lat' dir='ltr'><strong>inscribitur:</strong></span> <span class='ocrx_word' id='word_1_118' title='bbox 1008 2536 1210 2605; x_wconf 78' lang='lat' dir='ltr'><strong>Aristotelis</strong></span> <span class='ocrx_word' id='word_1_119' title='bbox 1231 2536 1313 2606; x_wconf 80' lang='lat' dir='ltr'><strong>libri</strong></span> <span class='ocrx_word' id='word_1_120' title='bbox 1328 2543 1416 2607; x_wconf 82' lang='lat' dir='ltr'><strong>XIV</strong></span> <span class='ocrx_word' id='word_1_121' title='bbox 1427 2537 1472 2606; x_wconf 83' lang='lat' dir='ltr'><strong>dc</strong></span> <span class='ocrx_word' id='word_1_122' title='bbox 1481 2518 1670 2607; x_wconf 71' lang='lat' dir='ltr'><strong>secretiore</strong></span> <span class='ocrx_word' id='word_1_123' title='bbox 1680 2553 1789 2632; x_wconf 79' lang='lat' dir='ltr'><strong>purte</strong></span> 
     </span>
     <span class='ocr_line' id='line_1_16' title="bbox 468 2653 1785 2757; baseline 0.002 -33"><span class='ocrx_word' id='word_1_124' title='bbox 468 2653 593 2726; x_wconf 79' lang='lat' dir='ltr'><strong>divinae</strong></span> <span class='ocrx_word' id='word_1_125' title='bbox 609 2658 793 2751; x_wconf 69' lang='lat' dir='ltr'><strong>sapientiae</strong></span> <span class='ocrx_word' id='word_1_126' title='bbox 810 2657 999 2727; x_wconf 82' lang='lat' dir='ltr'><strong>secundum</strong></span> <span class='ocrx_word' id='word_1_127' title='bbox 1019 2661 1220 2755; x_wconf 77' lang='lat' dir='ltr'><strong>AEgyptibs,</strong></span> <span class='ocrx_word' id='word_1_128' title='bbox 1240 2658 1374 2730; x_wconf 91' lang='lat' dir='ltr'><strong>additis</strong></span> <span class='ocrx_word' id='word_1_129' title='bbox 1386 2676 1557 2757; x_wconf 85' lang='lat' dir='ltr'><strong>praeterea</strong></span> <span class='ocrx_word' id='word_1_130' title='bbox 1574 2661 1630 2731; x_wconf 92' lang='lat' dir='ltr'><strong>his</strong></span> <span class='ocrx_word' id='word_1_131' title='bbox 1643 2658 1785 2731; x_wconf 85' lang='lat' dir='ltr'><strong>verbis:</strong></span> 
     </span>
     <span class='ocr_line' id='line_1_17' title="bbox 469 2774 1789 2882; baseline 0.006 -36"><span class='ocrx_word' id='word_1_132' title='bbox 469 2782 531 2874; x_wconf 84' lang='lat' dir='ltr'><strong>qui</strong></span> <span class='ocrx_word' id='word_1_133' title='bbox 556 2774 650 2847; x_wconf 80' lang='lat' dir='ltr'><strong>illicis</strong></span> <span class='ocrx_word' id='word_1_134' title='bbox 668 2781 911 2874; x_wconf 78' lang='lat' dir='ltr'><strong>metaphysica</strong></span> <span class='ocrx_word' id='word_1_135' title='bbox 940 2806 1028 2850; x_wconf 81' lang='lat' dir='ltr'><strong>vere</strong></span> <span class='ocrx_word' id='word_1_136' title='bbox 1051 2785 1244 2870; x_wconf 83' lang='lat' dir='ltr'><strong>continent,</strong></span> <span class='ocrx_word' id='word_1_137' title='bbox 1273 2809 1351 2853; x_wconf 86' lang='lat' dir='ltr'><strong>cum</strong></span> <span class='ocrx_word' id='word_1_138' title='bbox 1373 2785 1561 2854; x_wconf 83' lang='lat' dir='ltr'><strong>Platonico</strong></span> <span class='ocrx_word' id='word_1_139' title='bbox 1588 2810 1717 2882; x_wconf 81' lang='lat' dir='ltr'><strong>magau</strong></span> <span class='ocrx_word' id='word_1_140' title='bbox 1743 2811 1789 2854; x_wconf 77' lang='lat' dir='ltr'><strong>ec</strong></span> 
     </span>
     <span class='ocr_line' id='line_1_18' title="bbox 465 2904 1788 3004; baseline 0.006 -34"><span class='ocrx_word' id='word_1_141' title='bbox 465 2918 568 2997; x_wconf 82' lang='lat' dir='ltr'><strong>parte</strong></span> <span class='ocrx_word' id='word_1_142' title='bbox 591 2904 843 2990; x_wconf 77' lang='lat' dir='ltr'><strong>convenientia,</strong></span> <span class='ocrx_word' id='word_1_143' title='bbox 867 2905 1034 2975; x_wconf 91' lang='lat' dir='ltr'><strong>ultimum</strong></span> <span class='ocrx_word' id='word_1_144' title='bbox 1052 2905 1188 2976; x_wconf 92' lang='lat' dir='ltr'><strong>editum</strong></span> <span class='ocrx_word' id='word_1_145' title='bbox 1208 2921 1261 2976; x_wconf 90' lang='lat' dir='ltr'><strong>est</strong></span> <span class='ocrx_word' id='word_1_146' title='bbox 1278 2932 1298 2977; x_wconf 89' lang='lat' dir='ltr'><strong>a</strong></span> <span class='ocrx_word' id='word_1_147' title='bbox 1317 2906 1453 2978; x_wconf 86' lang='lat' dir='ltr'><strong>Jacobo</strong></span> <span class='ocrx_word' id='word_1_148' title='bbox 1472 2909 1717 3004; x_wconf 73' lang='lat' dir='ltr'><strong>carpentario,</strong></span> <span class='ocrx_word' id='word_1_149' title='bbox 1733 2911 1788 2978; x_wconf 92' lang='lat' dir='ltr'><strong>in-</strong></span> 
     </span>
     <span class='ocr_line' id='line_1_19' title="bbox 468 3026 1789 3128; baseline 0.007 -35"><span class='ocrx_word' id='word_1_150' title='bbox 468 3027 667 3096; x_wconf 84' lang='lat' dir='ltr'><strong>fensissimo</strong></span> <span class='ocrx_word' id='word_1_151' title='bbox 685 3026 778 3096; x_wconf 88' lang='lat' dir='ltr'><strong>Petri</strong></span> <span class='ocrx_word' id='word_1_152' title='bbox 794 3029 893 3097; x_wconf 84' lang='lat' dir='ltr'><strong>Rami</strong></span> <span class='ocrx_word' id='word_1_153' title='bbox 913 3027 1132 3118; x_wconf 86' lang='lat' dir='ltr'><strong>adversario,</strong></span> <span class='ocrx_word' id='word_1_154' title='bbox 1149 3032 1295 3100; x_wconf 88' lang='lat' dir='ltr'><strong>Lutetiae</strong></span> <span class='ocrx_word' id='word_1_155' title='bbox 1315 3031 1545 3118; x_wconf 82' lang='lat' dir='ltr'><strong>Parisiorum,</strong></span> <span class='ocrx_word' id='word_1_156' title='bbox 1567 3056 1600 3101; x_wconf 90' lang='lat' dir='ltr'><strong>a.</strong></span> <span class='ocrx_word' id='word_1_157' title='bbox 1633 3031 1736 3128; x_wconf 78' lang='lat'>1571,</span> <span class='ocrx_word' id='word_1_158' title='bbox 1753 3047 1789 3103; x_wconf 88' lang='lat' dir='ltr'><strong>et</strong></span> 
     </span>
     <span class='ocr_line' id='line_1_20' title="bbox 470 3147 1789 3246; baseline 0.005 -29"><span class='ocrx_word' id='word_1_159' title='bbox 470 3147 602 3241; x_wconf 80' lang='lat' dir='ltr'><strong>exejus</strong></span> <span class='ocrx_word' id='word_1_160' title='bbox 617 3147 776 3219; x_wconf 89' lang='lat' dir='ltr'><strong>editione</strong></span> <span class='ocrx_word' id='word_1_161' title='bbox 794 3151 986 3246; x_wconf 87' lang='lat' dir='ltr'><strong>repetitum</strong></span> <span class='ocrx_word' id='word_1_162' title='bbox 1001 3151 1133 3246; x_wconf 85' lang='lat' dir='ltr'><strong>legitur</strong></span> <span class='ocrx_word' id='word_1_163' title='bbox 1155 3153 1191 3222; x_wconf 91' lang='lat' dir='ltr'><strong>in</strong></span> <span class='ocrx_word' id='word_1_164' title='bbox 1211 3152 1430 3224; x_wconf 86' lang='lat' dir='ltr'><strong>editionibus</strong></span> <span class='ocrx_word' id='word_1_165' title='bbox 1448 3150 1731 3226; x_wconf 84' lang='lat' dir='ltr'><strong>Casaubonianis</strong></span> <span class='ocrx_word' id='word_1_166' title='bbox 1753 3170 1789 3225; x_wconf 88' lang='lat' dir='ltr'><strong>et</strong></span> 
     </span>
     <span class='ocr_line' id='line_1_21' title="bbox 472 3270 1790 3374; baseline 0.008 -36"><span class='ocrx_word' id='word_1_167' title='bbox 472 3270 702 3341; x_wconf 86' lang='lat' dir='ltr'><strong>Duvallianis.</strong></span> <span class='ocrx_word' id='word_1_168' title='bbox 726 3271 864 3342; x_wconf 89' lang='lat' dir='ltr'><strong>Nullius</strong></span> <span class='ocrx_word' id='word_1_169' title='bbox 884 3288 1003 3344; x_wconf 91' lang='lat' dir='ltr'><strong>tamen</strong></span> <span class='ocrx_word' id='word_1_170' title='bbox 1022 3277 1130 3372; x_wconf 90' lang='lat' dir='ltr'><strong>pretii</strong></span> <span class='ocrx_word' id='word_1_171' title='bbox 1147 3276 1242 3347; x_wconf 88' lang='lat' dir='ltr'><strong>hanc</strong></span> <span class='ocrx_word' id='word_1_172' title='bbox 1255 3278 1476 3374; x_wconf 87' lang='lat' dir='ltr'><strong>Carpentarii</strong></span> <span class='ocrx_word' id='word_1_173' title='bbox 1500 3277 1695 3349; x_wconf 92' lang='lat' dir='ltr'><strong>editionem</strong></span> <span class='ocrx_word' id='word_1_174' title='bbox 1714 3303 1790 3349; x_wconf 90' lang='lat' dir='ltr'><strong>esse</strong></span> 
     </span>
     <span class='ocr_line' id='line_1_22' title="bbox 470 3392 1813 3500; baseline 0.006 -37"><span class='ocrx_word' id='word_1_175' title='bbox 470 3417 511 3463; x_wconf 80' lang='lat' dir='ltr'><strong>ex</strong></span> <span class='ocrx_word' id='word_1_176' title='bbox 530 3393 640 3489; x_wconf 91' lang='lat' dir='ltr'><strong>ipsius</strong></span> <span class='ocrx_word' id='word_1_177' title='bbox 659 3395 881 3467; x_wconf 81' lang='lat' dir='ltr'><strong>confessione</strong></span> <span class='ocrx_word' id='word_1_178' title='bbox 908 3413 1070 3496; x_wconf 87' lang='lat' dir='ltr'><strong>apparet.</strong></span> <span class='ocrx_word' id='word_1_179' title='bbox 1101 3401 1236 3471; x_wconf 87' lang='lat' dir='ltr'><strong>Infelici</strong></span> <span class='ocrx_word' id='word_1_180' title='bbox 1253 3401 1350 3470; x_wconf 86' lang='lat' dir='ltr'><strong>enim</strong></span> <span class='ocrx_word' id='word_1_181' title='bbox 1374 3392 1494 3473; x_wconf 85' lang='lat' dir='ltr'><strong>studio</strong></span> <span class='ocrx_word' id='word_1_182' title='bbox 1521 3401 1693 3500; x_wconf 83' lang='lat' dir='ltr'><strong>abreptus</strong></span> <span class='ocrx_word' id='word_1_183' title='bbox 1721 3427 1813 3473; x_wconf 90' lang='lat' dir='ltr'><strong>ser·-</strong></span> 
     </span>
     <span class='ocr_line' id='line_1_23' title="bbox 472 3518 1789 3616; baseline 0.008 -30"><span class='ocrx_word' id='word_1_184' title='bbox 472 3540 613 3587; x_wconf 86' lang='lat' dir='ltr'><strong>monem</strong></span> <span class='ocrx_word' id='word_1_185' title='bbox 628 3518 780 3588; x_wconf 91' lang='lat' dir='ltr'><strong>latinum</strong></span> <span class='ocrx_word' id='word_1_186' title='bbox 789 3522 900 3616; x_wconf 77' lang='lat' dir='ltr'><strong>paulo</strong></span> <span class='ocrx_word' id='word_1_187' title='bbox 917 3521 1183 3594; x_wconf 78' lang='lat' dir='ltr'><strong>tolerabiliorem</strong></span> <span class='ocrx_word' id='word_1_188' title='bbox 1197 3524 1385 3611; x_wconf 88' lang='lat' dir='ltr'><strong>reddendi,</strong></span> <span class='ocrx_word' id='word_1_189' title='bbox 1401 3525 1496 3596; x_wconf 91' lang='lat' dir='ltr'><strong>idem</strong></span> <span class='ocrx_word' id='word_1_190' title='bbox 1511 3526 1600 3596; x_wconf 91' lang='lat' dir='ltr'><strong>illud</strong></span> <span class='ocrx_word' id='word_1_191' title='bbox 1611 3527 1789 3596; x_wconf 91' lang='lat' dir='ltr'><strong>commisit</strong></span> 
     </span>
     <span class='ocr_line' id='line_1_24' title="bbox 471 3639 1790 3735; baseline 0.007 -26"><span class='ocrx_word' id='word_1_192' title='bbox 471 3639 569 3735; x_wconf 91' lang='lat' dir='ltr'><strong>quod</strong></span> <span class='ocrx_word' id='word_1_193' title='bbox 586 3641 621 3709; x_wconf 94' lang='lat' dir='ltr'><strong>in</strong></span> <span class='ocrx_word' id='word_1_194' title='bbox 634 3656 754 3712; x_wconf 88' lang='lat' dir='ltr'><strong>vetere</strong></span> <span class='ocrx_word' id='word_1_195' title='bbox 774 3643 936 3714; x_wconf 87' lang='lat' dir='ltr'><strong>versione</strong></span> <span class='ocrx_word' id='word_1_196' title='bbox 951 3644 1032 3715; x_wconf 81' lang='lat' dir='ltr'><strong>libn&#39;</strong></span> <span class='ocrx_word' id='word_1_197' title='bbox 1045 3647 1193 3718; x_wconf 86' lang='lat' dir='ltr'><strong>secundi</strong></span> <span class='ocrx_word' id='word_1_198' title='bbox 1206 3648 1536 3719; x_wconf 88' lang='lat' dir='ltr'><strong>OEconomicorum</strong></span> <span class='ocrx_word' id='word_1_199' title='bbox 1559 3675 1581 3719; x_wconf 88' lang='lat' dir='ltr'><strong>a</strong></span> <span class='ocrx_word' id='word_1_200' title='bbox 1604 3647 1790 3720; x_wconf 80' lang='lat' dir='ltr'><strong>leonardo</strong></span> 
     </span>
     <span class='ocr_line' id='line_1_25' title="bbox 471 3762 1790 3868; baseline 0.005 -34"><span class='ocrx_word' id='word_1_201' title='bbox 471 3763 615 3834; x_wconf 79' lang='lat' dir='ltr'><strong>Aretino</strong></span> <span class='ocrx_word' id='word_1_202' title='bbox 629 3762 762 3834; x_wconf 85' lang='lat' dir='ltr'><strong>lactum</strong></span> <span class='ocrx_word' id='word_1_203' title='bbox 782 3781 856 3836; x_wconf 88' lang='lat' dir='ltr'><strong>erat</strong></span> <span class='ocrx_word' id='word_1_204' title='bbox 872 3767 930 3859; x_wconf 85' lang='lat' dir='ltr'><strong>(cl.</strong></span> <span class='ocrx_word' id='word_1_205' title='bbox 951 3767 1057 3858; x_wconf 87' lang='lat' dir='ltr'><strong>iulra,</strong></span> <span class='ocrx_word' id='word_1_206' title='bbox 1077 3796 1114 3867; x_wconf 90' lang='lat' dir='ltr'><strong>p.</strong></span> <span class='ocrx_word' id='word_1_207' title='bbox 1145 3769 1242 3865; x_wconf 81' lang='lat'>152),</span> <span class='ocrx_word' id='word_1_208' title='bbox 1266 3771 1376 3866; x_wconf 91' lang='lat' dir='ltr'><strong>idque</strong></span> <span class='ocrx_word' id='word_1_209' title='bbox 1395 3796 1509 3867; x_wconf 92' lang='lat' dir='ltr'><strong>quum</strong></span> <span class='ocrx_word' id='word_1_210' title='bbox 1533 3797 1652 3868; x_wconf 90' lang='lat' dir='ltr'><strong>neque</strong></span> <span class='ocrx_word' id='word_1_211' title='bbox 1670 3796 1790 3843; x_wconf 82' lang='lat' dir='ltr'><strong>exem-</strong></span> 
     </span>
     <span class='ocr_line' id='line_1_26' title="bbox 469 3883 1790 3991; baseline 0.009 -37"><span class='ocrx_word' id='word_1_212' title='bbox 469 3883 548 3983; x_wconf 90' lang='lat' dir='ltr'><strong>plar</strong></span> <span class='ocrx_word' id='word_1_213' title='bbox 558 3884 740 3957; x_wconf 86' lang='lat' dir='ltr'><strong>arabicum</strong></span> <span class='ocrx_word' id='word_1_214' title='bbox 754 3889 964 3986; x_wconf 87' lang='lat' dir='ltr'><strong>possideret,</strong></span> <span class='ocrx_word' id='word_1_215' title='bbox 980 3916 1099 3989; x_wconf 86' lang='lat' dir='ltr'><strong>neque</strong></span> <span class='ocrx_word' id='word_1_216' title='bbox 1112 3895 1224 3991; x_wconf 86' lang='lat' dir='ltr'><strong>ipsius</strong></span> <span class='ocrx_word' id='word_1_217' title='bbox 1236 3893 1364 3988; x_wconf 66' lang='lat' dir='ltr'><strong>liuguae</strong></span> <span class='ocrx_word' id='word_1_218' title='bbox 1378 3897 1583 3990; x_wconf 85' lang='lat' dir='ltr'><strong>cognitione</strong></span> <span class='ocrx_word' id='word_1_219' title='bbox 1594 3896 1790 3966; x_wconf 89' lang='lat' dir='ltr'><strong>instructus</strong></span> 
     </span>
     <span class='ocr_line' id='line_1_27' title="bbox 470 4013 1790 4118; baseline 0.008 -39"><span class='ocrx_word' id='word_1_220' title='bbox 470 4024 572 4081; x_wconf 89' lang='lat' dir='ltr'><strong>esset.</strong></span> <span class='ocrx_word' id='word_1_221' title='bbox 592 4013 719 4107; x_wconf 86' lang='lat' dir='ltr'><strong>Itaque</strong></span> <span class='ocrx_word' id='word_1_222' title='bbox 736 4013 764 4082; x_wconf 91' lang='lat' dir='ltr'><strong>si</strong></span> <span class='ocrx_word' id='word_1_223' title='bbox 779 4013 860 4108; x_wconf 92' lang='lat' dir='ltr'><strong>quis</strong></span> <span class='ocrx_word' id='word_1_224' title='bbox 878 4014 913 4084; x_wconf 95' lang='lat' dir='ltr'><strong>in</strong></span> <span class='ocrx_word' id='word_1_225' title='bbox 930 4014 998 4086; x_wconf 93' lang='lat' dir='ltr'><strong>hos</strong></span> <span class='ocrx_word' id='word_1_226' title='bbox 1013 4016 1126 4087; x_wconf 87' lang='lat' dir='ltr'><strong>libros</strong></span> <span class='ocrx_word' id='word_1_227' title='bbox 1148 4019 1352 4089; x_wconf 85' lang='lat' dir='ltr'><strong>accuratius</strong></span> <span class='ocrx_word' id='word_1_228' title='bbox 1366 4020 1549 4116; x_wconf 87' lang='lat' dir='ltr'><strong>inquirere</strong></span> <span class='ocrx_word' id='word_1_229' title='bbox 1571 4021 1705 4118; x_wconf 83' lang='lat' dir='ltr'><strong>cupiat,</strong></span> <span class='ocrx_word' id='word_1_230' title='bbox 1722 4021 1790 4091; x_wconf 94' lang='lat' dir='ltr'><strong>nisi</strong></span> 
     </span>
     <span class='ocr_line' id='line_1_28' title="bbox 470 4132 1790 4238; baseline 0.008 -36"><span class='ocrx_word' id='word_1_231' title='bbox 470 4132 611 4204; x_wconf 89' lang='lat' dir='ltr'><strong>arabice</strong></span> <span class='ocrx_word' id='word_1_232' title='bbox 628 4150 779 4221; x_wconf 78' lang='lat' dir='ltr'><strong>exstent,</strong></span> <span class='ocrx_word' id='word_1_233' title='bbox 801 4137 1059 4209; x_wconf 89' lang='lat' dir='ltr'><strong>recurrendum</strong></span> <span class='ocrx_word' id='word_1_234' title='bbox 1074 4141 1107 4210; x_wconf 91' lang='lat' dir='ltr'><strong>ei</strong></span> <span class='ocrx_word' id='word_1_235' title='bbox 1124 4140 1193 4210; x_wconf 88' lang='lat' dir='ltr'><strong>erit</strong></span> <span class='ocrx_word' id='word_1_236' title='bbox 1206 4140 1252 4211; x_wconf 91' lang='lat' dir='ltr'><strong>ad</strong></span> <span class='ocrx_word' id='word_1_237' title='bbox 1266 4144 1420 4238; x_wconf 89' lang='lat' dir='ltr'><strong>primam</strong></span> <span class='ocrx_word' id='word_1_238' title='bbox 1443 4167 1570 4214; x_wconf 90' lang='lat' dir='ltr'><strong>eorum</strong></span> <span class='ocrx_word' id='word_1_239' title='bbox 1593 4144 1790 4215; x_wconf 90' lang='lat' dir='ltr'><strong>editionem</strong></span> 
     </span>
     <span class='ocr_line' id='line_1_29' title="bbox 470 4259 1791 4364; baseline 0.008 -36"><span class='ocrx_word' id='word_1_240' title='bbox 470 4281 578 4352; x_wconf 90' lang='lat' dir='ltr'><strong>quam</strong></span> <span class='ocrx_word' id='word_1_241' title='bbox 596 4262 720 4329; x_wconf 89' lang='lat' dir='ltr'><strong>Petrus</strong></span> <span class='ocrx_word' id='word_1_242' title='bbox 736 4259 901 4332; x_wconf 86' lang='lat' dir='ltr'><strong>Nicolaus</strong></span> <span class='ocrx_word' id='word_1_243' title='bbox 919 4263 1133 4334; x_wconf 86' lang='lat' dir='ltr'><strong>Faventinus</strong></span> <span class='ocrx_word' id='word_1_244' title='bbox 1155 4263 1303 4360; x_wconf 85' lang='lat' dir='ltr'><strong>quidam</strong></span> <span class='ocrx_word' id='word_1_245' title='bbox 1326 4266 1467 4336; x_wconf 86' lang='lat' dir='ltr'><strong>curavit</strong></span> <span class='ocrx_word' id='word_1_246' title='bbox 1488 4271 1609 4338; x_wconf 81' lang='lat' dir='ltr'><strong>Romae</strong></span> <span class='ocrx_word' id='word_1_247' title='bbox 1631 4292 1663 4338; x_wconf 90' lang='lat' dir='ltr'><strong>a.</strong></span> <span class='ocrx_word' id='word_1_248' title='bbox 1699 4265 1791 4364; x_wconf 81' lang='lat'><strong>1519</strong></span> 
     </span>
     <span class='ocr_line' id='line_1_30' title="bbox 470 4379 1790 4485; baseline 0.006 -37"><span class='ocrx_word' id='word_1_249' title='bbox 470 4379 539 4450; x_wconf 92' lang='lat' dir='ltr'><strong>hoc</strong></span> <span class='ocrx_word' id='word_1_250' title='bbox 556 4381 684 4452; x_wconf 90' lang='lat' dir='ltr'><strong>titulo:</strong></span> <span class='ocrx_word' id='word_1_251' title='bbox 703 4383 899 4454; x_wconf 68' lang='lat' dir='ltr'><strong>Aristotelis</strong></span> <span class='ocrx_word' id='word_1_252' title='bbox 919 4385 1092 4484; x_wconf 76' lang='lat' dir='ltr'><strong>theologia</strong></span> <span class='ocrx_word' id='word_1_253' title='bbox 1118 4412 1149 4456; x_wconf 85' lang='lat' dir='ltr'><strong>s.</strong></span> <span class='ocrx_word' id='word_1_254' title='bbox 1174 4389 1316 4456; x_wconf 80' lang='lat' dir='ltr'><strong>mt&#39;stica</strong></span> <span class='ocrx_word' id='word_1_255' title='bbox 1333 4387 1580 4485; x_wconf 70' lang='lat' dir='ltr'><strong>philosphica</strong></span> <span class='ocrx_word' id='word_1_256' title='bbox 1598 4388 1790 4458; x_wconf 83' lang='lat' dir='ltr'><strong>secundum</strong></span> 
     </span>
     <span class='ocr_line' id='line_1_31' title="bbox 472 4506 1791 4604; baseline 0.008 -32"><span class='ocrx_word' id='word_1_257' title='bbox 472 4506 661 4598; x_wconf 71' lang='lat' dir='ltr'><strong>AEgyptt&#39;os</strong></span> <span class='ocrx_word' id='word_1_258' title='bbox 675 4509 808 4575; x_wconf 81' lang='lat' dir='ltr'><strong>noviter</strong></span> <span class='ocrx_word' id='word_1_259' title='bbox 829 4524 969 4604; x_wconf 83' lang='lat' dir='ltr'><strong>repertu</strong></span> <span class='ocrx_word' id='word_1_260' title='bbox 986 4525 1021 4579; x_wconf 87' lang='lat' dir='ltr'><strong>et</strong></span> <span class='ocrx_word' id='word_1_261' title='bbox 1040 4512 1079 4579; x_wconf 81' lang='lat' dir='ltr'><strong>in</strong></span> <span class='ocrx_word' id='word_1_262' title='bbox 1098 4509 1251 4579; x_wconf 81' lang='lat' dir='ltr'><strong>latinum</strong></span> <span class='ocrx_word' id='word_1_263' title='bbox 1268 4511 1421 4582; x_wconf 80' lang='lat' dir='ltr'><strong>reducta.</strong></span> <span class='ocrx_word' id='word_1_264' title='bbox 1444 4513 1613 4582; x_wconf 84' lang='lat' dir='ltr'><strong>Praelatus</strong></span> <span class='ocrx_word' id='word_1_265' title='bbox 1634 4527 1686 4582; x_wconf 88' lang='lat' dir='ltr'><strong>est</strong></span> <span class='ocrx_word' id='word_1_266' title='bbox 1704 4513 1791 4582; x_wconf 89' lang='lat' dir='ltr'><strong>huic</strong></span> 
     </span>
     <span class='ocr_line' id='line_1_32' title="bbox 471 4622 1790 4732; baseline 0.011 -41"><span class='ocrx_word' id='word_1_267' title='bbox 471 4622 618 4694; x_wconf 92' lang='lat' dir='ltr'><strong>editioni</strong></span> <span class='ocrx_word' id='word_1_268' title='bbox 632 4627 667 4698; x_wconf 90' lang='lat' dir='ltr'><strong>in</strong></span> <span class='ocrx_word' id='word_1_269' title='bbox 690 4630 839 4726; x_wconf 91' lang='lat' dir='ltr'><strong>epistola</strong></span> <span class='ocrx_word' id='word_1_270' title='bbox 856 4630 903 4702; x_wconf 93' lang='lat' dir='ltr'><strong>ad</strong></span> <span class='ocrx_word' id='word_1_271' title='bbox 916 4637 1071 4704; x_wconf 90' lang='lat' dir='ltr'><strong>Leonem</strong></span> <span class='ocrx_word' id='word_1_272' title='bbox 1089 4638 1120 4704; x_wconf 86' lang='lat' dir='ltr'>X</span> <span class='ocrx_word' id='word_1_273' title='bbox 1135 4635 1341 4706; x_wconf 88' lang='lat' dir='ltr'><strong>Franciscus</strong></span> <span class='ocrx_word' id='word_1_274' title='bbox 1357 4641 1493 4706; x_wconf 83' lang='lat' dir='ltr'><strong>Roseus</strong></span> <span class='ocrx_word' id='word_1_275' title='bbox 1509 4641 1709 4725; x_wconf 80' lang='lat' dir='ltr'><strong>Ravennas,</strong></span> <span class='ocrx_word' id='word_1_276' title='bbox 1727 4639 1790 4732; x_wconf 86' lang='lat' dir='ltr'><strong>qui</strong></span> 
     </span>
     <span class='ocr_line' id='line_1_33' title="bbox 470 4757 1791 4857; baseline 0.01 -40"><span class='ocrx_word' id='word_1_277' title='bbox 470 4763 591 4819; x_wconf 88' lang='lat' dir='ltr'><strong>narrat</strong></span> <span class='ocrx_word' id='word_1_278' title='bbox 617 4774 653 4820; x_wconf 91' lang='lat' dir='ltr'><strong>se</strong></span> <span class='ocrx_word' id='word_1_279' title='bbox 672 4775 785 4847; x_wconf 91' lang='lat' dir='ltr'><strong>quum</strong></span> <span class='ocrx_word' id='word_1_280' title='bbox 803 4759 969 4828; x_wconf 86' lang='lat' dir='ltr'><strong>Damasci</strong></span> <span class='ocrx_word' id='word_1_281' title='bbox 997 4757 1190 4843; x_wconf 83' lang='lat' dir='ltr'><strong>habitaret,</strong></span> <span class='ocrx_word' id='word_1_282' title='bbox 1208 4761 1244 4829; x_wconf 92' lang='lat' dir='ltr'><strong>in</strong></span> <span class='ocrx_word' id='word_1_283' title='bbox 1269 4760 1336 4830; x_wconf 90' lang='lat' dir='ltr'><strong>hos</strong></span> <span class='ocrx_word' id='word_1_284' title='bbox 1356 4759 1469 4832; x_wconf 90' lang='lat' dir='ltr'><strong>libros</strong></span> <span class='ocrx_word' id='word_1_285' title='bbox 1502 4760 1667 4832; x_wconf 89' lang='lat' dir='ltr'><strong>incidisse</strong></span> <span class='ocrx_word' id='word_1_286' title='bbox 1698 4787 1791 4857; x_wconf 87' lang='lat' dir='ltr'><strong>quos</strong></span> 
     </span>
     <span class='ocr_line' id='line_1_34' title="bbox 470 4869 1789 4978; baseline 0.009 -36"><span class='ocrx_word' id='word_1_287' title='bbox 470 4869 652 4945; x_wconf 80' lang='lat' dir='ltr'><strong>Abanema</strong></span> <span class='ocrx_word' id='word_1_288' title='bbox 671 4879 867 4950; x_wconf 82' lang='lat' dir='ltr'><strong>Saracenos</strong></span> <span class='ocrx_word' id='word_1_289' title='bbox 880 4881 917 4952; x_wconf 92' lang='lat' dir='ltr'><strong>in</strong></span> <span class='ocrx_word' id='word_1_290' title='bbox 933 4879 1113 4952; x_wconf 86' lang='lat' dir='ltr'><strong>arabicam</strong></span> <span class='ocrx_word' id='word_1_291' title='bbox 1130 4882 1288 4978; x_wconf 82' lang='lat' dir='ltr'><strong>linguam</strong></span> <span class='ocrx_word' id='word_1_292' title='bbox 1313 4885 1533 4959; x_wconf 86' lang='lat' dir='ltr'><strong>transtulisse</strong></span> <span class='ocrx_word' id='word_1_293' title='bbox 1550 4885 1742 4955; x_wconf 82' lang='lat' dir='ltr'><strong>diceretur.</strong></span> <span class='ocrx_word' id='word_1_294' title='bbox 1764 4890 1789 4954; x_wconf 83' lang='lat' dir='ltr'><strong>ll</strong></span> 
     </span>
    </p>
   </div>
   <div class='ocr_carea' id='block_1_4' title="bbox 0 0 2078 6132">
    <p class='ocr_par' dir='ltr' id='par_1_5' title="bbox 0 0 2078 6132">
     <span class='ocr_line' id='line_1_35' title="bbox 0 0 2078 6132; baseline 0 0"><span class='ocrx_word' id='word_1_295' title='bbox 0 0 2078 6132; x_wconf 95' lang='lat' dir='ltr'><strong> </strong></span> 
     </span>
    </p>
   </div>
  </div>
 </body>
</html>
