4134 6134
805 392 857 452 DE
877 393 1049 456 Potttlctt.

126 514 177 596 γὰρ
197 515 431 596 Ἀριστοτέλης
444 516 509 596 φησὶ
530 519 583 577 δεῖν
604 519 648 580 τὸν
671 522 821 598 σύμὸοολον
841 524 909 586 οὕτω

126 602 310 681 συμύουλιύειν
330 606 366 672 ὡς
392 603 485 664 ἑαυτὸν
500 603 631 682 μέλλοντα
657 615 789 671 κοινωνεῖν
809 612 909 681 τούτοις

126 691 167 774 ἐρ’
185 684 222 760 οἷς
235 701 347 752 ποιεῖται
358 691 406 765 τὴν
416 692 581 770 σομύουλήν.
590 694 700 765 Τούτοις
712 697 762 777 γδρ
776 700 909 761 πείθονται

125 784 236 859 μᾶλλον,
253 778 297 848 οὓς
311 779 343 840 ἂν
357 782 580 862 ὁρῶσινίτοίμους
591 783 669 851 ὄντας
683 785 858 866 συμμετὲχιιν
871 779 908 846 ris

124 869 311 948 συμύουλιύειν
324 869 466 947 ἐγνώκασι.

343 1023 434 1084 ΠΕΡΙ
458 1025 686 1085 ΠΟΙΗΤΙΚΗΣ.

162 1190 353 1249 lnteromnes
362 1188 452 1246 hodie
463 1189 608 1260 convenit,
621 1189 733 1248 librum
747 1192 807 1270 περὶ
822 1193 907 1262 11οιη·

122 1282 195 1351 τικῆς
216 1277 391 1355 inscriptum
420 1295 554 1334 mancum
577 1290 664 1354 atque
684 1280 818 1338 mutilum
831 1299 906 1352 esse,

122 1370 250 1446 satisque
276 1367 476 1425 demonstrant
499 1367 593 1444 ipsius
614 1367 782 1446 philosophi
803 1367 905 1442 rerba,

122 1479 186 1519 cum
199 1475 266 1536 quae
277 1454 510 1531 legunturinitio
524 1455 620 1514 statim
634 1457 705 1514 libri
718 1475 726 1515 ι
745 1455 812 1535 Περὶ
826 1479 905 1530 ποιη·

120 1551 195 1619 τικῆς
216 1545 300 1617 αὐτῆς
312 1567 340 1602 τε
357 1542 403 1602 καὶ
416 1546 470 1603 τῶν
480 1543 556 1602 εἰδῶν
577 1546 666 1617 αὐτῆς,
688 1543 780 1616 ἥντινα
796 1545 907 1621 δύναμιν

120 1636 231 1696 ἕκαστον
248 1632 316 1714 ἔχει,
331 1630 462 1709 λέγωμεν·
482 1633 546 1693 sive
561 1654 588 1693 c.
604 1633 636 1705 6,
655 1655 667 1692 ι
685 1657 694 1692 ι
709 1635 776 1711 Περὶ
793 1631 841 1712 μὲν
862 1625 907 1692 ούν

120 1730 165 1797 τῆς
181 1726 209 1782 ἐν
222 1721 378 1802 ἑξαμέτροις
391 1726 537 1798 μιμητικῆς
551 1720 596 1779 καλ
609 1721 672 1801 περὶ
683 1721 823 1802 κωμῳδίας
833 1721 908 1781 dosc-

122 1836 165 1893 ρον
182 1815 306 1892 ἐροῦμιν·
328 1822 390 1868 tum
414 1810 503 1870 etiam
517 1809 549 1870 in
568 1807 688 1869 llbetor.
705 1812 729 1882 l,
748 1814 766 1869 6
783 1830 790 1868 t
806 1811 907 1891 Διώρι-

118 1924 179 1960 σται
196 1899 224 1960 δὲ
240 1899 302 1980 περὶ
323 1898 432 1977 γελοίων
454 1897 534 1978 χωρίς
557 1901 585 1958 ἐν
605 1899 659 1964 τοῖς
672 1899 733 1978 περί
747 1900 905 1972 Ποιητικῆς.

119 1990 219 2065 Unde,
231 2008 322 2065 quum
338 1986 412 2046 nihil
425 2007 527 2046 eorum
539 2007 604 2066 quae
616 1986 705 2046 hicse
716 1996 906 2048 mactaturum

117 2079 283 2158 pollicetur
308 2074 492 2150 Aristoteles,
511 2075 575 2133 slve
599 2073 636 2132 de
660 2075 768 2153 quibus
788 2088 821 2134 ut
844 2075 906 2152 jam

116 2167 254 2227 tractatis
263 2165 405 2242 loquitur,
422 2163 454 2220 in
468 2179 600 2241 ecquem
613 2161 756 2222 babemus
770 2162 850 2222 libro
865 2165 908 2223 le·

117 2269 219 2333 gutur,
256 2251 421 2312 necessario
448 2251 638 2330 consequitur
664 2264 776 2330 partem
796 2265 907 2311 tantum

116 2345 208 2403 modo
220 2341 330 2417 integri
350 2339 450 2419 operis
464 2353 608 2400 servatam
621 2359 694 2399 esse.
709 2340 795 2411 Quod
821 2353 850 2399 et
869 2342 906 2400 ti·

117 2439 186 2493 tulis
204 2431 399 2492 confirmetur
410 2432 461 2508 qui
477 2429 563 2488 unice
583 2430 620 2488 ad
629 2430 708 2488 bunc
717 2429 827 2489 librum
842 2451 908 2508 spe-

116 2536 197 2582 ctare
215 2530 341 2599 possunt
360 2539 367 2575 :
384 2515 561 2598 Πραγματεία
577 2516 672 2596 τέχνης
685 2523 822 2591 ποιητικῆς
840 2517 906 2598 α’β’,

115 2611 197 2692 apud
208 2612 333 2685 Diogen.
344 2605 440 2664 Laert.
455 2607 504 2679 83,
516 2608 542 2666 Τ
542 2604 621 2686 έχνης
634 2613 773 2677 ποιητικῆς
788 2609 812 2688 β’
830 2609 907 2688 apud

115 2703 315 2776 Anonymum
336 2694 389 2773 (el,
407 2707 436 2753 et
449 2695 563 2773 Aspasii
575 2695 754 2768 testimonio,
767 2698 799 2756 in
815 2699 906 2759 llrist.

115 2789 214 2846 Etbie.
232 2785 352 2845 Nicom.
369 2783 421 2842 fol.
438 2782 476 2857 95
487 2801 575 2839 verso
591 2783 776 2861 ιΜνημονεύιι
787 2785 811 2842 δ’
827 2785 908 2855 αὐτῆς

115 2879 180 2951 (τῆς
204 2873 341 2946 ποιήσεως
356 2869 500 2948 Μαργίτης
516 2870 724 2951 ὀνομαζομένης)
740 2873 770 2930 οὐ
784 2873 862 2948 μόνον
882 2875 907 2931 ἐν

112 2970 152 3044 τῷ
168 2963 274 3043 πρώτῳ
289 2957 351 3038 περὶ
365 2960 523 3030 Ποιητικῆς,
540 2957 611 3017 ἀλλδι
631 2959 677 3017 καὶ
696 2959 850 3040 Ἀρχίλοχος
862 2959 909 3021 καὶ

113 3057 256 3132 Κρατῖνος
279 3051 323 3110 καὶ
354 3045 527 3126 Καλλίμαχος
541 3048 567 3104 ἐν
587 3045 818 3128 Ἐπιγράμμασιν,
842 3072 907 3128 quae

112 3142 151 3200 ad
174 3141 266 3199 Poet.
292 3158 318 3197 c.
335 3143 365 3205 t,
381 3137 400 3193 8
414 3147 443 3192 et
467 3154 487 3210 9
505 3147 647 3212 spectant,
663 3135 722 3194 nisi
737 3148 833 3194 tamen
848 3138 908 3194 lor-

113 3245 195 3289 tasse
217 3227 320 3306 potius
344 3224 381 3282 ad
407 3223 555 3298 dialogum
570 3223 607 3282 de
630 3223 740 3297 Poetis,
768 3244 854 3302 quem
879 3241 908 3286 et

113 3322 219 3398 ipsum
236 3313 298 3396 περὶ
316 3315 463 3384 Ποιητικῆς
479 3310 652 3390 inscriptum
669 3312 757 3372 luisse
783 3327 906 3388 constat,

113 3421 147 3466 ut
161 3427 221 3465 suo
233 3405 301 3464 loco
318 3402 440 3460 dictum.
454 3399 549 3476 lgitur
563 3400 635 3478 quin
650 3401 768 3460 mutilus
781 3401 819 3461 sit
830 3401 908 3462 liber

112 3494 254 3554 dubitari
285 3490 405 3569 nequit,
435 3489 478 3547 ita
499 3501 532 3547 ut
558 3488 611 3547 ille
635 3489 697 3566 jam
725 3490 908 3568 relinquatur

112 3583 259 3661 quaestio,
273 3599 343 3640 num
353 3578 418 3656 ejus
432 3581 523 3658 partis
535 3597 600 3656 quae
614 3578 808 3650 interciderit,
825 3583 906 3640 noti-

111 3676 155 3731 tia
177 3671 286 3749 aliqua
311 3667 389 3746 apud
410 3666 546 3745 antiquos
563 3667 721 3746 scriptores
737 3666 906 3745 investigari

111 3763 226 3840 possit.
246 3759 326 3819 lnter
339 3757 409 3815 illos
420 3774 505 3827 vero,
530 3754 594 3832 qui,
608 3755 760 3814 nominato
777 3755 857 3815 libro
879 3773 907 3817 et

110 3863 256 3922 anctore,
274 3845 455 3925 deperditam
481 3855 592 3920 partem
620 3841 745 3901 Poeticae
762 3846 908 3923 respicere

108 3939 272 4009 videntur,
294 3934 395 3993 nullus
408 3946 453 3992 est
466 3931 554 4010 cujus
566 3929 656 3988 verba
669 3951 728 3988 non
740 3934 850 3992 erroris
862 3954 908 3994 su·

108 4027 288 4104 spicionem
300 4033 447 4081 moveant.
463 4022 517 4092 lta,
531 4037 642 4096 quaeex
656 4017 773 4076 arabico
780 4021 906 4098 quodam

107 4117 235 4192 scripto
249 4111 298 4193 (cf.
313 4109 521 4181 Schmoelders,
538 4112 711 4165 Documenta
717 4108 908 4184 phibrophioe

106 4203 264 4272 Arabunr,
276 4199 370 4259 bonu.
390 4197 477 4269 1836,
493 4217 525 4275 p.
540 4195 589 4271 ar)
601 4194 725 4274 protulit
737 4195 898 4256 Diintzerns

105 4294 140 4350 in
151 4288 244 4348 libro
258 4292 381 4361 Rettung
393 4290 446 4344 der
457 4291 601 4348 Aristotel.
619 4286 717 4344 Poetil
729 4304 761 4360 p.
781 4305 813 4342 ιι
833 4310 841 4344 ι
866 4292 908 4346 De

102 4383 358 4439 demonstratione
374 4384 487 4434 omnino
492 4376 604 4450 fallaci
615 4381 761 4433 disseritur
775 4385 804 4433 in
822 4385 908 4455 ipsius

104 4472 187 4525 ttbro
200 4469 244 4523 cle
263 4479 326 4520 orte
337 4472 464 4539 poetica,
477 4485 511 4524 ea
525 4479 589 4525 orta
601 4479 669 4525 sunt
682 4485 718 4524 ex
732 4466 807 4525 male
820 4467 908 4526 intel·

106 4561 191 4616 lecto
219 4551 293 4611 loco
324 4553 527 4612 commentarii
553 4552 685 4612 Pseudo·
695 4552 854 4612 Alexandri
876 4555 907 4614 in

104 4646 209 4707 Arist.
230 4641 324 4720 Soph.
339 4641 462 4702 Elenclr.
475 4662 507 4720 p.
522 4663 593 4721 299,
606 4641 640 4714 B,
654 4643 703 4710 tt.
721 4642 809 4720 Apud
820 4641 909 4701 loan-

105 4753 181 4791 nem
204 4729 409 4808 Philoponum
430 4731 549 4802 deinde,
567 4731 598 4788 in
609 4731 731 4791 aristot.
741 4729 779 4788 de
794 4731 851 4792 dn.
865 4731 906 4807 ll,

105 4832 137 4892 t„
152 4842 187 4894 a,
207 4817 264 4879 sol.
282 4817 320 4890 H,
336 4821 447 4877 lirecto
464 4840 470 4875 :
487 4817 528 4877 Τδ
546 4819 619 4885 celto<
632 4818 717 4877 διττόν
731 4819 797 4892 ἐστι,
811 4818 843 4878 τὸ
859 4819 907 4897 μὲν

108 4902 142 4967 οὗ
156 4908 256 4979 ἕνεκα,
269 4906 300 4966 τὸ
311 4907 339 4966 δὲ
350 4897 383 4987 ᾧ,
395 4905 461 4988 ὅπερ
475 4905 521 4964 καί
535 4909 605 4987 ἐντῇ
621 4909 754 4987 Ποιητικῇ
769 4905 814 4966 καὶ
829 4909 856 4965 ἐν
869 4911 907 4989 τῷ

137 5083 175 5136 tt)
186 5077 260 5126 rtthtt
272 5078 319 5124 bue
328 5077 490 5125 laoemlllulos
499 5073 551 5136 περὶ
561 5073 706 5135 Τραγῳδιῶν
719 5073 742 5120 α’
750 5074 774 5118 el
785 5073 906 5124 Διδασαα·

108 5146 162 5194 tter
177 5153 204 5194 α’
217 5150 298 5206 (mog.
310 5151 336 5196 t.
348 5155 387 5198 rso
395 5151 419 5196 et
430 5152 486 5206 117),
496 5151 622 5207 dequibus
631 5154 717 5198 temere
727 5151 835 5198 nonnettt
844 5151 906 5207 oogt·

108 5217 208 5269 tabent,
225 5212 283 5258 setis
292 5211 438 5258 manilestum
448 5214 490 5258 est.

1686 409 1744 474 191

963 528 1024 607 περὶ
1042 530 1064 588 Γ
1065 527 1181 602 ινίσεως,
1195 535 1320 608 ποιητικῇ
1333 532 1397 592 sine
1410 533 1502 594 dubio
1516 535 1631 600 librarii
1643 557 1744 602 errore

962 638 1017 696 pro
1029 619 1139 698 Φυσικῇ
1154 618 1248 698 estis]
1265 619 1320 698 (cl.
1340 620 1381 698 ll,
1398 644 1427 696 a,
1441 625 1472 696 8,
1487 647 1526 704 9,
1545 626 1742 694 Treudelenb.

964 717 1070 758 comm.
1087 697 1118 756 in
1139 699 1190 758 Ar.
1212 698 1249 757 de
1268 701 1375 759 Anima
1398 723 1429 780 p.
1450 705 1506 763 353
1532 726 1571 766 ss.
1588 707 1690 772 Waltz.
1711 709 1743 769 in

965 787 1056 846 Arist.
1069 786 1140 863 0rg.
1150 799 1172 848 t.
1189 785 1228 858 ll,
1240 808 1270 866 p.
1284 795 1354 861 iot,
1374 789 1487 850 Bonita.
1504 793 1535 851 in
1547 795 1600 856 Ar.
1614 792 1742 878 llletapb.

962 873 1031 946 llll,
1050 897 1079 948 7,
1102 897 1130 954 p.
1149 897 1236 950 107a‚
1262 877 1298 952 Β,
1317 875 1357 955 a),
1380 880 1459 955 quod
1480 883 1605 942 ostendit
1615 884 1676 962 jtuu
1691 890 1743 966 qui

963 983 1029 1021 eum
1047 963 1097 1022 illa
1110 963 1280 1023 nominatur
1294 964 1356 1042 περὶ
1370 967 1392 1025 Γ
1393 965 1501 1036 ινέσιως
1510 968 1597 1028 liber.
1613 972 1673 1032 Nec
1681 992 1743 1034 ma·

962 1050 1007 1125 gis
1026 1065 1137 1110 certum
1152 1052 1264 1126 tertius,
1282 1052 1334 1128 qui
1348 1051 1396 1111 bic
1416 1053 1447 1112 in
1464 1075 1580 1116 censum
1596 1060 1743 1124 vocandus

962 1139 1037 1210 erit,
1068 1139 1149 1198 loeus
1173 1139 1314 1219 praebebit
1343 1141 1550 1204 testimonium.
1570 1145 1641 1216 Quae
1664 1150 1742 1208 enim

962 1225 1040 1302 apud
1056 1224 1241 1304 Simplicium
1257 1227 1394 1303 leguntur
1411 1229 1442 1289 in
1457 1229 1656 1308 Categoriasf.
1672 1235 1699 1309 8,
1720 1239 1743 1298 Ζ

963 1311 1009 1392 (γ).
1025 1311 1075 1385 43,
1095 1321 1128 1384 Α,
1149 1334 1183 1371 12
1195 1314 1331 1392 Brandl:
1350 1315 1403 1376 Καὶ
1418 1316 1469 1397 γδρ
1491 1322 1506 1376 δ
1524 1318 1703 1400 Ἀριστοτελης
1717 1325 1743 1383 ἐν

961 1401 999 1477 τῷ
1016 1399 1077 1480 rupi
1102 1402 1246 1472 Ποιητικῆς
1261 1402 1401 1481 συνώνυμα
1416 1395 1487 1465 εἶπεν
1508 1399 1575 1467 ιῖναι
1597 1401 1634 1468 in
1660 1413 1744 1472 πλείω

962 1485 1011 1563 μὶν
1022 1485 1057 1546 tlt
1071 1485 1188 1562 ὀνόματα
1203 1489 1278 1568 λόγος
1292 1492 1320 1550 δὲ
1335 1496 1348 1550 ὁ
1365 1493 1456 1560 αὐτός·
1470 1485 1512 1552 οἷα
1528 1495 1560 1567 δή
1571 1499 1627 1556 ἐστι
1647 1497 1680 1557 el
1697 1523 1744 1560 πο-

962 1574 1098 1654 λυώνυμα,
1124 1575 1155 1634 τὸ
1171 1576 1199 1636 δὲ
1219 1575 1364 1637 «λώπιον»
1394 1581 1439 1641 καί
1465 1609 1478 1636 ι
1499 1583 1605 1658 ίμοίτιον
1619 1612 1631 1638 ν
1646 1586 1692 1646 καὶ
1715 1591 1744 1650 τὸ

963 1673 1068 1746 ιρᾶρος
1082 1691 1106 1737 ι,
1122 1684 1156 1723 ea
1171 1687 1231 1725 non
1242 1667 1278 1726 ad
1291 1669 1435 1728 Poeticom
1449 1671 1499 1730 sed
1513 1673 1549 1730 a'd
1561 1673 1743 1736 llbetoricarn

961 1754 1062 1831 potius
1086 1767 1216 1832 spectare
1238 1756 1387 1830 videntur,
1407 1759 1437 1816 in
1457 1779 1515 1836 qua
1531 1761 1629 1820 eadem
1645 1764 1742 1842 plane,

962 1861 1129 1921 quanquam
1149 1841 1270 1904 brevius
1288 1845 1361 1905 dicit
1373 1848 1566 1928 philosophus
1581 1851 1636 1923 Ill,
1655 1875 1715 1928 a,7
1733 1880 1741 1915 ε

962 1931 1041 2010 Δι’γω
1050 1932 1078 1992 δὲ
1091 1932 1170 2013 κύριοί
1183 1933 1268 1994 τεκαὶ
1282 1935 1433 2013 συνώνυμα,
1444 1928 1496 1996 οἷον
1506 1937 1536 1996 τὸ
1552 1941 1720 2020 ιπορεύισθαι
1731 1973 1743 1996 ν

962 2019 1008 2079 καὶ
1018 2020 1048 2080 τὸ
1058 2048 1070 2075 ι
1081 2021 1194 2102 βαδίζειν
1202 2046 1224 2074 ν·
1236 2028 1321 2082 ταῦτα
1331 2023 1382 2103 γδιρ
1398 2024 1534 2106 ἀμφότερα
1546 2027 1591 2085 καί
1605 2029 1683 2109 κύρια
1698 2032 1742 2092 καί

963 2108 1102 2189 συνώνυμα
1113 2110 1245 2181 ἀλλήλοις.
1261 2111 1322 2172 Cut'
1336 2126 1429 2172 autent
1441 2112 1490 2172 hic
1504 2115 1636 2176 intulerit
1648 2121 1744 2180 Poeti-

963 2216 1026 2255 cem
1043 2197 1224 2278 Simplicius,
1251 2201 1371 2260 sortasse
1395 2221 1460 2278 quae
1479 2222 1547 2260 mox
1567 2207 1644 2282 apud
1660 2208 1743 2266 illum

962 2299 1126 2363 sequuntur
1141 2286 1234 2346 verba
1248 2288 1405 2346 ostendunt
1425 2308 1433 2348 ι
1460 2287 1545 2350 'Ede
1572 2289 1600 2348 δὲ
1624 2295 1684 2374 περὶ
1699 2295 1745 2362 τὰς

962 2373 1067 2442 πλείους
1073 2375 1160 2456 posuit:
1171 2374 1297 2449 ἡσπουδὴ
1310 2375 1355 2434 καί
1365 2375 1412 2446 τὴν
1423 2378 1547 2450 πολυειδῆ
1561 2379 1671 2440 ἑκάστου
1687 2385 1743 2442 ὀνο·

966 2463 1078 2540 μασίαν,
1093 2461 1184 2542 ώσπιρ
1197 2463 1224 2520 ἓν
1244 2465 1282 2543 τῷ
1305 2462 1366 2541 περὶ
1385 2465 1529 2537 Ποιητικῆς
1546 2467 1643 2549 καὶτῷ
1665 2471 1744 2553 τρίτῳ

963 2552 1026 2631 περὶ
1048 2550 1218 2630 Ῥητορικῆς,
1247 2556 1292 2610 τοῦ
1321 2550 1408 2633 ἑτίρου
1441 2554 1593 2630 συνωνύμου
1617 2557 1743 2634 δεόμεθα,

962 2637 1027 2716 ὅπερ
1038 2637 1209 2714 πολυώνυμον
1219 2643 1233 2698 δ
1247 2636 1418 2706 Σπεύσιππος
1429 2640 1527 2702 ἐκιίλει.
1538 2643 1634 2711 Quum
1649 2660 1744 2705 autem

963 2727 995 2786 in
1013 2727 1066 2786 illo
1081 2729 1176 2806 capite
1188 2726 1362 2799 lllretoricae,
1376 2729 1453 2806 quod
1469 2726 1517 2786 bic
1531 2730 1673 2805 laudetur,
1687 2733 1742 2808 lll,

966 2837 996 2888 a,
1014 2815 1110 2875 tribus
1122 2817 1196 2876 locis
1211 2816 1333 2874 Poetica
1344 2820 1380 2874 ab
1394 2818 1458 2894 ipso
1469 2819 1644 2897 philosopho
1654 2823 1746 2882 nomi·

964 2918 1060 2980 netur,
1074 2907 1120 2982 §a
1137 2928 1143 2963 ι
1159 2907 1222 2966 Τῶν
1229 2904 1252 2964 δ’
1268 2905 1410 2982 ὀνομάτων,
1418 2905 1464 2964 καὶ
1476 2907 1601 2986 ῥημάτων
1613 2915 1684 2989 σαφῆ
1696 2911 1744 2987 μίν

962 2997 1034 3052 ποιεῖ
1047 2991 1110 3067 [riu
1126 2992 1215 3067 λέξιν)
1228 2991 1262 3052 τὰ
1276 2991 1366 3072 κύρια,
1385 2993 1422 3067 μὴ
1438 2995 1562 3066 ταπεινὴν
1578 2994 1606 3054 δὲ
1618 2997 1686 3056 titt
1700 3021 1744 3058 κε-

964 3081 1135 3161 κοσμημένην
1153 3079 1239 3140 τᾶλλα
1253 3079 1370 3158 ὀνόματα
1385 3077 1434 3142 ὅσα
1455 3079 1557 3160 εἴρηται
1572 3087 1598 3144 is
1613 3084 1666 3150 τοῖς
1683 3085 1743 3166 περὶ

965 3173 1120 3242 Ποιητικῆς·
1136 3171 1153 3246 S
1168 3169 1185 3227 5
1199 3188 1207 3230 ε
1222 3170 1285 3228 Τῶν
1302 3165 1329 3226 δὲ
1353 3167 1488 3243 ὀνομάτων
1507 3174 1613 3230 τοσαῦτ’
1629 3173 1742 3251 ἐχόντων

963 3259 1019 3331 εἴδη
1033 3259 1082 3318 ὅσα
1098 3255 1257 3338 τεθεώρηται
1275 3259 1302 3317 ἐν
1324 3263 1377 3322 τοῖς
1390 3253 1451 3336 rupi
1466 3256 1610 3328 [ίοιήσεως
1623 3261 1641 3337 S
1654 3283 1669 3334 7
1685 3283 1693 3318 ε
1707 3263 1744 3322 Τί

964 3345 1011 3422 μὲν
1026 3335 1070 3404 ode
1085 3343 1182 3405 τούτων
1196 3343 1307 3404 ἕκαστόν
1334 3349 1391 3404 ἐστι
1407 3343 1535 3404 rainice
1549 3344 1606 3417 εἴδη
1623 3370 1742 3428 μιταρο·

963 3443 1018 3513 ρᾶς,
1042 3433 1087 3493 καὶ
1110 3433 1150 3493 ὅτι
1164 3437 1241 3492 τοῦτο
1267 3433 1388 3490 πλεῖστον
1412 3430 1521 3492 δύναται
1535 3433 1581 3492 καὶ
1595 3437 1622 3493 ἐν
1639 3435 1743 3508 ποιήσει

962 3523 1007 3581 καὶ
1021 3524 1048 3580 tv
1061 3521 1157 3600 λύγοις,
1170 3523 1199 3579 σί
1213 3517 1372 3600 μεταφοραί,
1384 3519 1503 3600 εἴρηται,
1517 3522 1635 3604 καθάπερ
1651 3524 1742 3602 ἐλίγο·

962 3634 1010 3687 μιν
1026 3613 1052 3668 ἓν
1065 3618 1117 3678 τοῖς
1130 3609 1191 3688 περὶ
1200 3612 1354 3682 Ποιητικῆς·
1374 3627 1437 3686 quae
1452 3621 1556 3667 cuncte
1569 3609 1606 3668 ad
1618 3612 1743 3673 Poeticae

961 3720 987 3758 c.
1002 3720 1039 3756 aa
1056 3711 1203 3777 spectant,
1216 3697 1300 3756 facile
1312 3696 1376 3754 lieri
1390 3697 1485 3774 potuit
1495 3708 1527 3756 ut
1542 3698 1740 3776 Porphyrius,

960 3805 1047 3865 equo
1060 3787 1160 3848 hausta
1169 3799 1237 3848 sunt
1250 3806 1315 3864 quae
1324 3783 1411 3843 babet
1422 3785 1603 3863 Simplicius,
1620 3787 1656 3845 de
1668 3789 1740 3849 tthe-

961 3877 1054 3935 torica
1069 3877 1157 3935 simul
1167 3889 1197 3934 et
1209 3875 1247 3934 de
1259 3871 1377 3933 Poetica
1388 3872 1501 3931 loconis
1511 3873 1560 3945 sit,
1572 3873 1741 3953 Simplicius

961 3982 1033 4022 vero
1048 3983 1106 4022 non
1120 3964 1191 4022 satis
1205 3975 1337 4022 accurate
1353 3960 1437 4019 illum
1452 3961 1649 4037 exscripserit.
1667 3964 1740 4024 Inde

960 4055 1142 4132 perspicias,
1159 4073 1193 4111 ea
1214 4053 1251 4110 de
1273 4050 1382 4129 quibus
1402 4048 1573 4126 Simplicius
1595 4049 1738 4127 loquitur,

961 4161 1057 4219 neque
1080 4163 1097 4201 e
1120 4141 1217 4219 capite
1238 4159 1273 4196 ar
1294 4138 1421 4196 Poeticae
1441 4135 1601 4208 excidisse,
1619 4150 1651 4195 ut
1666 4137 1741 4215 Tyr·

961 4232 1081 4292 whittus
1095 4228 1290 4309 conjiciebat,
1307 4245 1402 4304 neque
1416 4244 1481 4283 cum
1496 4223 1652 4304 Spengelio
1673 4226 1734 4306 (cl.

962 4325 1070 4382 Armet.
1082 4323 1197 4378 Monac.
1213 4317 1304 4387 1840,
1320 4335 1365 4372 nr.
1387 4313 1459 4384 133,
1470 4332 1502 4391 p.
1517 4332 1556 4389 ²9
1568 4325 1598 4370 et
1607 4313 1737 4394 ejusdem

961 4409 1174 4468 Aristotelisclre
1187 4409 1314 4464 Studien.
1330 4401 1399 4476 Hest
1412 4401 1460 4464 lV.
1474 4400 1636 4473 Miinchen,
1653 4403 1738 4475 1866,

962 4517 994 4575 p.
1013 4518 1046 4570 ιη
1059 4499 1069 4577 )
1084 4497 1122 4556 de
1135 4497 1174 4555 iis
1195 4513 1261 4573 quae
1274 4489 1449 4550 comoediam
1473 4487 1636 4546 tractabant
1657 4492 1738 4570 cogi·

962 4586 1083 4646 mudum
1109 4603 1183 4646 esse.
1210 4580 1332 4642 Erravit
1355 4579 1425 4638 item
1453 4576 1548 4636 David
1575 4581 1606 4635 in
1635 4578 1735 4657 Categ.

962 4695 992 4753 p,
1009 4675 1065 4750 πᾶ,
1082 4675 1122 4746 Β,
1142 4694 1177 4746 17
1195 4693 1202 4730 ε
1218 4667 1263 4731 Tit
1279 4669 1307 4728 δὲ
1328 4664 1495 4742 ὑποδυόμενα
1510 4663 1592 4736 αὐτὴν
1605 4662 1652 4736 τὴν
1667 4667 1736 4727 δπύ·

962 4763 1039 4834 διιξίν
1054 4765 1104 4824 dot
1121 4761 1156 4822 τδι
1170 4759 1278 4821 Τοπικοί
1286 4803 1295 4833 ,
1310 4759 1337 4816 σί
1349 4751 1505 4835 Ῥητορικαί
1520 4753 1629 4833 τέχναι,
1644 4755 1668 4813 ol
1683 4757 1737 4816 Σο-

988 4907 1018 5006 (tl
1037 4945 1179 4996 Themlsttus
1193 4944 1216 4992 in
1232 4942 1336 4999 ejusdem
1353 4941 1397 4986 toci
1412 4937 1548 4995 paraphrasi
1565 4936 1636 4983 habet
1652 4931 1676 4980 iv
1690 4939 1737 4988 τοῖς

963 5017 1075 5073 Ἠθικοῖς,
1092 5020 1134 5066 iol.
1145 5023 1173 5065 ts
1186 5025 1265 5068 verso,
1274 5016 1292 5059 t.
1304 5013 1325 5058 11
1341 5022 1382 5068 ,p
1393 5016 1430 5066 et,
1447 5015 1459 5054 t
1474 5008 1584 5065 Spengel.
1593 5007 1630 5056 cl.
1640 5009 1701 5054 roem
1714 5011 1737 5053 tn

961 5084 1054 5141 Physlc.
1064 5084 1095 5140 ll,
1103 5089 1125 5137 t,
1136 5081 1176 5127 lot.
1184 5085 1211 5125 tt
1219 5087 1297 5130 verso,
1307 5077 1324 5121 l.
1331 5075 1350 5128 l,
1358 5085 1381 5130 p.
1388 5079 1435 5126 ιον,
1444 5071 1575 5129 ιηδΙιιιγιῑίσ.
1583 5070 1615 5116 lb.
1621 5081 1644 5128 p.
1652 5075 1701 5125 tte,
1711 5073 1736 5122 B.

964 5153 995 5201 tt,
1005 5148 1088 5192 torno.
1097 5145 1221 5200 Philopon.
1231 5140 1263 5186 ib.
1273 5151 1296 5196 p.
1308 5143 1356 5191 tte,
1367 5138 1392 5191 B,
1403 5141 1427 5180 tt
1436 5138 1461 5181 et
1473 5144 1526 5188 oute
1534 5131 1636 5180 dtrlmus
1644 5133 1669 5178 to
1678 5133 1739 5178 libro

964 5212 1008 5256 Die
1016 5211 1149 5256 cerlomnen
1157 5203 1274 5258 Schriften
1287 5201 1326 5246 des
1336 5198 1483 5252 Aristotelea,
1496 5207 1519 5252 p.
1532 5203 1566 5244 tst
1578 5205 1630 5251 sno.
