4134 6134
346 467 403 533 filil

619 602 624 609 ‘
667 616 680 653 1
703 594 797 675 (609).

385 731 593 811 Harpocration
602 748 626 787 s.
638 749 668 788 ν.
685 727 789 808 Δρυμός
804 749 811 787 ι
831 728 911 798 Πόλις
922 710 1018 807 μεταξὺ
1030 731 1118 789 Βοιω-

344 820 402 886 τίας
428 818 473 877 καί
505 820 551 889 τῆς
581 816 709 889 Ἀττικῆς.
741 816 912 894 Δημοσθένης
943 821 969 877 ίν
994 820 1032 897 τῷ
1061 816 1119 897 περὶ

345 906 493 989 Πρεοόείας
506 906 538 984 (S
554 907 639 982 326).
656 905 893 984 Ἀριστοτέλης
917 908 940 965 δ’
955 910 982 965 έν
995 910 1051 972 τοῖς
1072 911 1119 964 Δι-

345 992 479 1071 κααίιμασί
493 1016 571 1075 φησιν
586 992 677 1059 οὕτως·
690 990 828 1054 ι’Έπειτα
841 993 947 1073 Δρυμὸν
962 992 989 1051 ἓν
1004 991 1119 1053 Ἀττικὸν

344 1080 390 1143 καί
408 1080 496 1161 ίτιρον
510 1080 663 1142 Ποιιίιτιον.ι

664 1232 681 1269 a
703 1210 801 1291 (διο).

386 1344 557 1405 Ammonius
568 1363 594 1405 s.
611 1364 640 1405 v.
656 1344 735 1415 Νῆις,
750 1363 780 1421 p.
792 1344 830 1418 μθ
845 1340 952 1400 Valclc:
966 1340 1080 1414 Δίδυμος
1095 1341 1122 1398 iv

347 1431 449 1512 δακέτῳ
467 1434 613 1512 ῥητορικῶν
634 1429 851 1519 Ὑγιομνημιίτων
874 1428 952 1509 σρησλν
977 1428 1059 1496 οὕτως
1081 1425 1123 1487 ὅτι

347 1518 510 1600 διαφέρωσιν
534 1521 562 1577 ci
586 1520 646 1587 νῆες
666 1520 718 1575 τῶν
742 1516 850 1577 πλοίων.
866 1516 910 1577 Tit
926 1516 974 1592 μίν
993 1518 1044 1597 γόρ
1066 1520 1122 1577 ἐστι

348 1604 504 1687 στρογγύλα,
520 1608 547 1664 αἱ
564 1602 591 1663 δέ
617 1604 750 1684 κωπήριις
764 1604 809 1664 καὶ
824 1604 1016 1682 στρατιώτιδες.
1028 1605 1124 1688 1Ἀρι-

348 1695 448 1754 στοτέ
453 1696 512 1765 λης
526 1693 552 1753 δέ
564 1692 662 1773 ἱστορεῖ
675 1694 701 1751 δν
713 1691 883 1769 Δικαιώμασι
900 1694 952 1751 τῶν
962 1696 1063 1753 πόλισιν
1078 1693 1124 1752 ud·

347 1802 408 1851 τως·
430 1779 623 1861 «Ἀλέξανδρος
636 1781 795 1846 θΜολοττθς
810 1780 911 1841 bubulas
925 1780 1003 1839 αὐτὸν
1016 1784 1122 1863 χρόνον,

347 1868 516 1949 Ταραντίνων
527 1868 605 1928 αὐτὸν
619 1867 868 1949 μεταπεμψαμένων
883 1867 927 1927 έπί
937 1868 980 1928 τὸν
989 1869 1052 1950 πρὸς
1066 1869 1125 1937 τοῖς

334 1956 498 2039 -βαρόιίρους
512 1958 642 2035 πόλεμον,
662 1955 800 2025 έξέπλτυσι
822 1956 899 2018 ναυσί
917 1956 964 2035 μέν
987 1959 1124 2018 πεντεκαίο

350 2047 423 2121 δεκα,
437 2044 536 2113 πλοίοις
554 2045 581 2105 δὲ
604 2053 708 2125 συχνοῖς
728 2048 893 2125 ἱππαγωγοῖς
915 2046 960 2106 καί
983 2068 1125 2126 στρατηγι-

348 2155 413 2201 mli·

389 2220 512 2281 Codices
536 2220 611 2279 male
633 2220 767 2299 πολέμων.
798 2222 870 2282 lnde
898 2221 983 2299 lingo
1004 2221 1126 2282 Grotius

350 2308 382 2367 iu
404 2308 484 2369 libro
506 2306 696 2367 celeberrimo
722 2309 758 2367 de
781 2308 853 2367 lure
879 2308 952 2367 Belli
973 2323 1002 2368 et
1025 2310 1125 2379 Pacis,

350 2395 499 2455 Aristoteli
522 2394 632 2453 librum
658 2399 876 2471 luctificatioues
908 2398 1050 2455 Bellorum
1075 2398 1127 2456 tri·

350 2481 425 2542 huit.
441 2482 551 2541 Locum
573 2480 733 2555 Ammonii,
756 2502 842 2560 quem
868 2482 1029 2545 Etenniurn
1053 2484 1125 2543 Phi·

350 2568 445 2627 lonem
458 2582 553 2641 vocat,
566 2584 610 2629 ter
621 2568 776 2647 exscripsit
789 2568 955 2629 Eustatbius
973 2572 1005 2629 in
1019 2570 1126 2648 Odyss.

350 2677 379 2732 p.
397 2676 486 2730 1727,
512 2677 543 2716 ιι
564 2679 571 2714 :
589 2656 721 2736 Ἐρέννιος
743 2645 787 2715 οὖν
799 2655 892 2716 Φίλων
912 2656 1042 2737 διαφέρειν
1063 2656 1128 2738 φησί

352 2747 416 2817 νῆας
440 2743 538 2805 πλοίων
560 2744 629 2804 κατδι
645 2746 779 2821 Δίδυμον·
796 2743 829 2804 τὰ
842 2742 890 2822 μέν
905 2745 956 2827 γὰρ
971 2746 1127 2826 στρογγύλα,

351 2834 379 2889 αἱ
388 2829 415 2889 δέ
424 2829 619 2911 οτρατιόιτιδις.
630 2834 676 2898 Είς
687 2830 702 2891 δ
712 2832 783 2912 φέροι
791 2832 936 2911 καὶχρῆσιν
950 2832 1127 2914 Ἀριστοτέ·

350 2919 422 2982 λους
432 2916 631 2990 ταθτην·ἈλέΕ.
645 2923 659 2977 θ
670 2921 711 2980 Μ.
723 2920 792 2993 κτέ.,
803 2920 835 2977 in
843 2918 947 2997 0dyss.
955 2940 986 3000 p.
1001 2923 1087 2993 1408,
1099 2923 1127 2993 θ,

351 3005 459 3065 omisso
481 3006 647 3067 Aristotelis
661 3008 792 3086 nomine,
809 3008 883 3066 etin
901 3008 987 3071 iliad.
1003 3029 1034 3088 p.
1058 3011 1127 3081 684,

351 3092 388 3151 ³0
398 3092 449 3152 ubi
463 3092 537 3153 hene
546 3093 726 3175 Ἀριστοτέλης
740 3093 780 3174 δέ,
791 3094 870 3173 ρησλν
884 3094 913 3175 (ό
926 3094 1041 3172 Δίδυμος
1050 3096 1128 3175 scil.)

352 3182 379 3240 ίν
394 3178 564 3259 Δικαιώμασι
580 3180 692 3241 πόλεων.

585 3340 619 3402 v.
645 3330 915 3404 καθίσταται·
1035 3398 1040 3408 .

391 3473 427 3533 lu
440 3477 626 3537 recensendis
637 3478 723 3539 libris
737 3480 964 3560 ludospublicos
975 3483 1038 3542 sive
1051 3503 1129 3561 gym-

352 3562 434 3623 nicos
461 3564 524 3625 sive
552 3568 682 3627 scenicos
721 3568 919 3646 spectantibus
947 3572 1055 3629 urinum
1084 3588 1129 3632 est

355 3664 495 3728 quantum
510 3653 678 3733 discrepent
702 3656 826 3719 indices.
842 3657 938 3728 Quum
953 3662 1032 3717 enim
1051 3663 1128 3740 apud

353 3738 514 3816 Diogenem
555 3740 703 3803 Laeuium
735 3746 903 3824 (rio-137)
944 3750 1130 3809 nominantur

352 3826 557 3905 Ὀλυμπιονῖκαι
566 3828 605 3906 α’,
619 3832 775 3891 Πυθιονῖκαι
787 3832 827 3905 α’,
842 3832 925 3912 (παρέ)
940 3835 1078 3908 Μουσικῆς
1088 3837 1127 3910 α’,

353 3916 469 3983 Πυθικός
489 3916 524 3989 α’,
541 3919 703 3979 Πυθιονικῶν
718 3918 820 3998 ε’λιγχοι
835 3917 872 3991 α’,
887 3921 969 3982 Νῖκαι
989 3923 1130 3983 Διονυσια-

356 4002 402 4063 καί
417 4002 454 4079 α’,
465 4005 526 4084 πιρῖ
539 4008 701 4087 Τραγιμδιῶν
723 4008 761 4085 α’,
776 4008 952 4072 Διδασκαλίαι
968 4013 1005 4083 α’,
1022 4011 1064 4069 ita
1076 4012 1130 4072 hos

353 4090 453 4151 titulos
468 4094 581 4171 profert
594 4097 788 4173 Anonymus:
804 4094 1011 4174 Ὀλυμπιονίκας
1026 4097 1131 4176 βίόλους

353 4181 380 4237 ἓν
400 4167 422 4259 ᾧ
445 4177 601 4259 Μέναιχμον
624 4180 741 4253 ἐνίκησαν
759 4184 850 4261 (113),
871 4184 931 4263 περί
951 4184 1087 4258 Μουσικῆς
1104 4186 1130 4245 α’

354 4266 443 4343 (τιό),
465 4268 644 4328 Διονυσιακῶν
664 4272 777 4329 α’στικῶν
792 4270 837 4331 καί
850 4272 965 4343 ληναίιυν
984 4274 1129 4353 προοιμίων

355 4353 379 4409 α’
393 4355 481 4433 (τιό),
504 4354 563 4434 περί
577 4357 739 4437 Τραγῳδιῶν
763 4360 788 4415 α’
803 4361 894 4436 (117),
919 4360 978 4441 πιρί
992 4363 1129 4423 Διδασκα-

628 4524 707 4573 JUllA
722 4526 854 4577 uertunt.

736 4648 757 4695 1.

387 4745 507 4809 Damus,
521 4749 581 4800 urbs
601 4750 626 4801 in
644 4752 753 4803 confiniis
771 4754 871 4806 Bootiae
882 4760 908 4807 et
928 4758 1021 4811 Atticas.
1035 4762 1126 4811 Demo

358 4828 456 4880 sthenes
464 4828 489 4882 ln
498 4835 612 4888 Oratione
621 4837 653 4889 de
661 4840 797 4905 Legatione.
805 4843 947 4897 Aristoteles
956 4859 1015 4897 vero
1022 4847 1047 4898 in
1053 4851 1129 4899 tusti-

358 4914 512 4997 dcationibus
522 4921 557 4971 ait
567 4923 601 4973 ita
613 4944 620 4975 ι
636 4946 648 4969 ο
659 4928 752 4979 Deinde
764 4932 884 4995 Drymum
893 4946 970 4985 unum
984 4935 1092 4987 Atticum
1103 4942 1128 4988 ct

358 5000 463 5055 alterum
475 5008 595 5060 Boeotium
605 5032 628 5064 ιι.

389 5222 509 5290 Didymus
522 5226 547 5277 in
559 5227 620 5279 libro
632 5231 727 5285 decimo
742 5236 918 5291 rhetoricorum
934 5245 1127 5298 commentario·

902 462 1147 525 ARISTOTELIS
1168 462 1414 525 FRAGMENTA.

1169 596 1233 653 λιῶν
1249 593 1274 652 α’
1286 595 1379 674 (118).
1397 593 1440 651 Ex
1453 604 1514 651 toto
1532 593 1588 651 hoc
1603 612 1727 652 numero
1750 595 1811 652 duo
1830 608 1942 653 tautum·

1174 682 1262 740 modo
1276 682 1356 741 tituli
1368 694 1438 740 sunt
1455 700 1530 758 quos
1544 680 1662 739 aliunde
1679 702 1801 761 quoque
1814 684 1942 745 novimus

1173 770 1328 828 Πυθιονῖκαι
1339 782 1369 827 et
1381 768 1567 829 Διδασκαλίαι.
1578 769 1621 826 De
1629 770 1677 827 his
1687 789 1757 828 mox
1769 769 1941 831 videbimus:

1173 858 1205 915 in
1220 857 1460 934 Pythionicarum
1474 875 1547 913 vero
1569 855 1657 930 libro,
1673 870 1816 935 quanmm
1832 858 1941 935 quidem
2015 923 2017 940 ἱ

1173 965 1210 1005 ex
1223 943 1430 1023 superstitibus
1445 944 1614 1020 fragmentis
1624 943 1760 1021 judicare
1772 947 1869 1017 licet,
1883 966 1942 1023 pra·
2015 943 2017 1008 l

1173 1034 1273 1091 sertim
1285 1052 1357 1091 vero
1380 1050 1399 1089 e
1420 1029 1572 1089 vocabulis
1593 1032 1732 1112 ἀναγραφή
1749 1032 1815 1092 sive
1830 1036 1944 1112 iemps.

1173 1144 1244 1204 ρειν,
1256 1123 1289 1180 in
1308 1121 1360 1178 tali
1375 1138 1408 1177 re
1432 1117 1625 1193 solemnibus,
1647 1135 1768 1199 apparet
1792 1122 1943 1181 sentndun

1178 1211 1282 1267 seriem
1305 1206 1492 1284 Pythiadum,
1505 1206 1627 1264 nomina
1638 1225 1739 1266 eorum
1753 1210 1808 1286 qui
1833 1208 1873 1267 in
1887 1208 1946 1269 ludis

1176 1298 1240 1356 sive
1258 1295 1382 1353 musicis
1400 1294 1464 1352 sive
1489 1293 1633 1371 gymnicis
1653 1294 1784 1353 vicerant
1810 1295 1947 1374 desmipu

1178 1383 1276 1441 fuisse.
1292 1382 1367 1440 Huic
1378 1400 1449 1439 vero
1462 1381 1627 1440 recensioni
1639 1381 1806 1453 nominum,
1818 1401 1911 1459 qnam
1920 1388 1946 1441 ab

1178 1470 1368 1530 Aristotelee
1386 1469 1515 1548 puhlicis
1532 1468 1732 1546 cujuscunque
1752 1470 1879 1545 generis
1900 1491 1946 1529 mo

1177 1559 1323 1617 numentis
1340 1558 1543 1616 concinnatam
1570 1557 1675 1628 foisse,
1695 1560 1764 1617 satis
1791 1556 1947 1634 probabilis

1177 1660 1222 1705 est
1255 1645 1422 1723 conjectura
1459 1644 1511 1719 (cf.
1541 1644 1632 1721 Leop.
1662 1642 1807 1721 Schmidt,
1836 1650 1947 1719 Pindus,

1177 1735 1269 1793 Bnnn.
1287 1736 1375 1805 1862,
1387 1752 1418 1811 p.
1437 1732 1502 1808 48),
1517 1751 1587 1790 uum
1599 1744 1627 1789 et
1638 1732 1697 1789 alia
1708 1733 1844 1809 quadam
1860 1753 1946 1793 acuer-

1177 1825 1281 1894 serint,
1291 1822 1329 1881 de
1345 1822 1476 1899 ipsorum
1485 1820 1620 1879 ludorum
1635 1832 1702 1878 ortu
1711 1833 1741 1877 et
1748 1823 1946 1894 adornatione,

1178 1910 1215 1969 de
1240 1910 1421 1987 singulorum
1438 1911 1580 1969 victorum
1605 1911 1699 1987 patria
1721 1922 1811 1987 atque
1832 1930 1944 1987 genere.

1178 1998 1276 2075 qualia
1295 1997 1332 2056 ab
1354 1997 1432 2071 aliis,
1448 1997 1551 2073 quide
1570 1995 1670 2055 eadem
1685 1998 1810 2056 materia
1831 2000 1948 2077 scripse·

1181 2100 1256 2163 rant,
1280 2099 1313 2145 ut
1332 2086 1370 2145 ab
1386 2085 1590 2157 Eratosthene,
1612 2085 1725 2163 adjecta
1749 2106 1816 2145 esse
1837 2103 1947 2159 consur,

1181 2175 1263 2232 nullo
1276 2175 1346 2233 satis
1367 2186 1446 2232 certo
1467 2173 1635 2233 testimonio
1649 2174 1839 2252 comprobari
1853 2189 1946 2254 potest

1180 2261 1252 2332 Quae
1262 2263 1340 2321 enim
1354 2281 1372 2320 a
1384 2260 1545 2336 nonnullis,
1556 2273 1589 2319 ut
1598 2280 1614 2318 a
1624 2260 1657 2320 C.
1669 2262 1809 2333 Millero,
1818 2264 1856 2321 ad
1871 2264 1948 2323 hosce

1180 2349 1274 2409 libros
1287 2349 1413 2410 deludis
1427 2349 1570 2427 gymnicis
1583 2351 1673 2409 relata
1694 2363 1763 2409 sunt
1780 2351 1948 2427 fragosam,

1182 2438 1251 2496 talia
1273 2438 1502 2516 compluraque,
1517 2450 1549 2496 ut
1568 2436 1679 2514 majore
1702 2438 1821 2497 fortasse
1837 2438 1909 2516 jore
1934 2460 1950 2496 e

1180 2524 1296 2584 Politiis
1306 2526 1457 2603 desumpta
1470 2538 1615 2603 putemus.

1219 2611 1368 2688 Singulari
1388 2615 1474 2691 plane
1500 2632 1567 2670 casu
1582 2614 1688 2671 factum
1701 2625 1750 2685 est,
1777 2626 1811 2671 ut
1835 2614 1950 2671 nullum

1182 2699 1262 2775 quod
1276 2701 1314 2760 nd
1338 2700 1558 2789 Olympionicas
1578 2700 1730 2775 referatur,
1750 2712 1897 2759 servatum
1915 2702 1951 2757 sit
2015 2729 2017 2748 ι

1183 2788 1383 2864 fragmentum.
1403 2788 1446 2845 De
1459 2788 1536 2846 fonte
1552 2788 1630 2846 enim
1651 2789 1730 2847 unde
1748 2786 1949 2847 Psmostbeoes
2015 2843 2017 2846 .

1182 2896 1235 2935 sua
1248 2876 1376 2936 hauserit
1387 2877 1464 2954 apud
1474 2876 1632 2952 Diogenem
1644 2876 1792 2935 Laertium
1804 2875 1885 2948 vlit,
1897 2879 1950 2936 51:

1184 2964 1263 3043 Δίγνι
1278 2964 1305 3024 δέ
1313 2965 1360 3024 καί
1372 2964 1562 3045 Ἐρατοσθένης
1574 2967 1602 3023 έν
1613 2972 1668 3033 τοῖς
1677 2964 1897 3041 Ὀλυμπιονίκαις
1908 2965 1950 3036 τῆν

1184 3050 1289 3129 πρῶτήν
1315 3051 1360 3109 καί
1380 3050 1578 3128 έὸδομηκσστῆν
1599 3050 1773 3129 Ὀλυμπιάδα
1796 3050 1950 3121 νενικηκέναι

1183 3140 1227 3199 τὸν
1240 3144 1285 3198 τοῦ
1299 3138 1420 3205 Μέτωνος
1434 3136 1548 3217 πατέρα,
1565 3137 1678 3218 μόρτυρι
1691 3136 1834 3217 χριόμενος
1847 3138 1950 3217 Ἀριατο·

1182 3226 1264 3299 τέλει,
1279 3226 1345 3285 ideo
1358 3225 1488 3285 dubitari
1502 3226 1581 3298 licet,
1597 3225 1677 3304 quod
1691 3226 1780 3303 plura
1799 3226 1837 3285 de
1852 3226 1948 3304 Empe-

1184 3313 1278 3385 docle,
1292 3313 1376 3391 cujus
1389 3314 1440 3372 ille
1453 3326 1535 3391 pater
1551 3314 1654 3380 fuerat.
1665 3328 1841 3373 narraverat
1854 3316 1951 3372 Aristo·

1184 3403 1306 3474 teles,in
1313 3402 1451 3478 dialogis,
1462 3415 1493 3460 ut
1503 3402 1629 3474 videtur,
1637 3402 1674 3460 de
1684 3400 1796 3460 Poetis.
1806 3402 1852 3460 cf.
1861 3402 1896 3461 fr.
1910 3424 1949 3463 ιι.

1182 3491 1241 3549 Nec
1250 3490 1342 3566 magis
1350 3502 1428 3548 certa
1438 3502 1482 3548 est
1490 3489 1658 3566 conjectura
1665 3488 1803 3559 ΠαιιτΙιίῖ,
1813 3490 1948 3563 Αήεωμίι.

1184 3582 1304 3652 Byzares.
1305 3578 1421 3652 fragm.
1432 3598 1461 3656 p.
1471 3579 1539 3650 αδδ,
1547 3578 1579 3635 in
1586 3578 1682 3653 glossa
1690 3574 1950 3655 hesychiil'picm:

1183 3656 1224 3732 ῶς.
1246 3663 1431 3744 Ἀριστοφάνης
1456 3664 1484 3723 δέ
1507 3664 1590 3740 ὄνομα
1612 3664 1728 3742 δρομέως
1745 3660 1949 3735 νενικηκότοςέι

1183 3751 1321 3832 Ὀλυμπίᾳ
1344 3752 1450 3811 στάδιον
1466 3765 1495 3810 et
1506 3754 1538 3810 in
1558 3754 1684 3829 Etymol.
1700 3752 1741 3813 Μ.
1754 3773 1788 3829 p.
1808 3760 1881 3823 ais,
1896 3761 1949 3826 49:

1184 3842 1206 3899 Γ
1206 3838 1286 3917 ρίσων
1313 3860 1321 3897 t
1345 3842 1471 3919 δχοῖρος.
1491 3838 1675 3919 Ἀριστοφάνης
1694 3839 1724 3898 δι’
1746 3862 1815 3922 φησι
1844 3840 1951 3918 δρομέας

1183 3926 1277 4004 ὄνομα,
1287 3946 1343 4003 pro
1358 3924 1560 4007 Ἀριστοφάνης,
1578 3926 1758 4006 Ἀριστοτέλης
1768 3926 1952 4003 scribereju·

1184 4014 1289 4075 heutis.
1304 4015 1390 4085 Quod
1415 4016 1441 4075 si
1463 4028 1617 4088 constaret,
1635 4016 1746 4094 dequo
1764 4036 1858 4095 supra
1878 4016 1951 4074 dini-

1184 4122 1260 4175 mus,
1276 4103 1472 4177 Aristotelem,
1484 4103 1522 4161 de
1548 4105 1613 4182 ipso
1629 4122 1709 4162 more
1728 4104 1810 4163 etde
1828 4104 1953 4183 praemiis

1184 4181 1321 4249 ludorum
1346 4190 1477 4267 quaedam
1501 4191 1688 4269 prumiense,
1709 4210 1768 4249 non
1796 4193 1898 4269 inepte
1921 4190 1953 4246 ad

1181 4276 1258 4335 hanc
1263 4277 1491 4355 disputationem
1503 4298 1568 4336 cum
1580 4277 1615 4337 C.
1630 4279 1755 4338 lliillero
1767 4280 1953 4346 referremus,

1183 4384 1264 4441 ιγιιιε,
1282 4366 1315 4423 in
1337 4365 1452 4425 Pseudo
1465 4400 1479 4411 ·
1492 4366 1657 4425 Aristotelis
1685 4366 1791 4425 llirab.
1825 4368 1952 4426 Ansurlt.

1183 4529 1330 4581 rumscribit
1338 4536 1394 4585 ναῦς
1401 4533 1503 4594 (raom)
1510 4531 1619 4588 ιπλυίοις
1629 4532 1765 4595 (metuite)
1777 4532 1893 4582 differe
1900 4535 1953 4581 tte<

1181 4617 1247 4667 enim
1255 4617 1368 4669 rotunde
1382 4622 1449 4680 sunt,
1464 4618 1513 4669 ula
1524 4632 1584 4671 reru
1594 4620 1670 4670 remis
1681 4622 1815 4669 unientur
1830 4624 1860 4668 et
1870 4620 1953 4669 ιιιΤαυ

1182 4718 1230 4757 ree.
1242 4705 1385 4756 mactate
1396 4706 1423 4756 in
1432 4706 1653 4757 testificationibus
1664 4705 1763 4758 urbium
1774 4707 1812 4757 ait
1830 4727 1837 4756 ι
1848 4707 1951 4759 Αλου-

1181 4790 1226 4841 det
1240 4790 1363 4841 Ποίονειιο
1381 4792 1428 4842 sub
1439 4791 1505 4842 idem
1516 4796 1622 4857 tempus,
1633 4793 1771 4844 Tarentinis
1788 4806 1848 4843 mm
1858 4794 1893 4844 ad
1903 4792 1951 4843 bel-
2015 4835 2017 4840 .

1180 4876 1233 4927 lum
1244 4882 1330 4929 contra
1340 4878 1458 4929 barbaros
1474 4879 1607 4943 gerendum
1618 4880 1807 4944 advocantibus,
1819 4881 1951 4944 margum

1181 4969 1285 5020 navibus
1303 4970 1451 5034 quindecim,
1464 4971 1597 5035 multisque
1616 4972 1720 5037 navigiis
1735 4987 1816 5037 οηιιοσ
1826 4976 1851 5025 et
1864 4972 1952 5023 urbs

1181 5059 1322 5109 ferentibus.
