4134 6134
826 725 1043 790 tunimo.
1519 749 1523 756 ·
1556 737 1592 782 ιι

272 862 427 959 pretium
447 861 535 950 erit3
558 858 660 932 nullo
680 872 800 930 tamen
824 857 936 930 modo
950 840 1162 950 concedam,
1186 861 1256 932 hoc
1274 863 1471 934 Aristotelis
1488 863 1597 936 oileu-

273 986 324 1056 tio
344 985 488 1058 illorum
503 983 680 1056 librorum
700 983 953 1054 auctoritatem
972 981 1144 1056 infirmari
1165 999 1202 1055 et
1221 985 1374 1080 infringi.

323 1109 430 1182 Vides
444 1133 555 1205 quam
568 1108 690 1178 multae
704 1131 890 1203 quamque
907 1131 1030 1202 graves
1043 1107 1114 1179 sint
1132 1110 1347 1204 quaestiones
1361 1134 1452 1207 quas
1471 1112 1509 1182 in
1530 1111 1598 1182 hac

274 1231 483 1331 praeiatione
501 1232 559 1302 vix
576 1256 618 1303 ac
637 1255 683 1302 ne
708 1230 766 1302 vix
777 1229 927 1327 quidem
944 1232 1119 1326 attingere
1132 1234 1330 1330 potuimus.
1350 1234 1458 1322 Quod
1472 1236 1503 1306 si
1515 1261 1596 1333 spe-

272 1357 425 1430 randum
454 1370 520 1445 est,
551 1380 618 1427 nos
645 1379 808 1452 unquam
839 1353 942 1451 plura
966 1369 1010 1428 ,οῖ
1037 1356 1236 1452 presertim
1264 1359 1417 1430 certiora
1444 1359 1520 1431 sive
1550 1360 1599 1432 de
1690 1446 1697 1461 ·

273 1481 566 1553 Aristoteleorum
587 1476 767 1550 librorum
790 1475 828 1548 in
861 1477 1079 1574 antiquitate
1114 1477 1260 1550 fortuna
1286 1471 1497 1571 habituros,
1523 1485 1599 1555 sive

272 1606 379 1677 etiam
394 1603 441 1675 de
457 1605 542 1700 ipsis
559 1601 670 1674 initiis
685 1625 707 1672 n
728 1598 863 1698 quibus
878 1600 1062 1698 profectus
1080 1599 1285 1674 doctrinam
1297 1627 1400 1675 sunm
1414 1603 1595 1676 admiren-

271 1728 355 1799 dam
370 1726 582 1799 exstruxerit
599 1723 859 1830 philosophus,
878 1724 926 1796 ad
944 1723 1016 1798 boc
1027 1725 1117 1824 quin
1127 1727 1273 1798 maximi
1286 1730 1461 1800 momenti
1475 1729 1596 1802 sutura

263 1853 343 1944 ‚sint
361 1853 398 1923 in
416 1877 458 1923 ee
475 1873 701 1948 quancunque
726 1846 773 1919 ad
797 1845 983 1946 deperdita
1011 1849 1090 1944 ejus
1108 1852 1239 1948 scriptu
1266 1851 1468 1949 pertineant
1489 1878 1593 1924 accu-

273 1975 385 2044 ratius
419 1997 528 2071 qunm
556 1973 745 2072 hucusque
767 1967 901 2044 factum
930 1985 985 2042 est
1018 1972 1217 2067 inquirere,
1250 1973 1430 2071 equidem·
1450 1977 1596 2048 nriuirue

272 2095 413 2168 (lubitu.
1424 2093 1427 2098 ¹

311 2319 478 2380 Scribebmn
491 2318 683 2400 Argentoroti,
698 2317 798 2376 idibus
810 2317 1041 2390 Novembribus,
1050 2321 1120 2380 anni
1134 2318 1378 2381 MliCCCLXVill.
