4134 6134
887 343 1008 406 zulcl.

906 462 909 466 ί
963 478 1103 536 Historiis
1117 477 1309 550 Animalium
1334 477 1384 537 sed
1400 497 1436 536 cx
1450 497 1539 557 opere
1557 483 1683 556 quodam
1699 503 1735 543 εκ

960 569 1020 630 iliis
1031 570 1189 627 maximam
1203 580 1316 648 partem
1328 581 1476 648 excerpto,
1492 569 1624 630 hausisse
1638 587 1731 651 pules.

444 479 480 539 lc
497 478 594 558 (ωε).

171 629 273 687 Athen.
284 625 350 697 llll,
361 625 431 697 327,
446 624 470 681 C
483 642 490 682 ε
502 621 646 701 Φάγρος...
663 620 904 700 Ἀριστοτέλης

133 720 158 778 δὲ
173 713 335 798 σαρκοφάγον
348 711 428 794 ρησλν
440 710 517 771 αὑτὸν
533 701 600 769 εἶναι
613 710 660 768 καί
675 708 777 790 μονήρη
792 709 902 790 καρδίαν

135 831 162 867 τε
175 805 245 885 ίχιιν
257 802 382 883 τρίγωνον
394 798 522 875 ἀκμάζειν
531 821 561 858 τε
570 797 654 879 ἔαρος.

352 967 453 1047 (τιτι
474 962 700 1037 uelamen.)

439 1140 478 1208 ts
499 1130 589 1208 (²8⁵)-

169 1271 273 1330 Athen.
303 1267 368 1340 Vll,
399 1268 469 1340 316,
496 1267 519 1325 C
547 1289 553 1322 :
577 1263 691 1343 Ἱστορεῖ
713 1264 735 1323 δ’
753 1263 904 1342 Ἀριστο-

130 1359 161 1417 τί
170 1357 285 1430 ληςτόν
298 1355 438 1415 πολύποδα
452 1353 525 1435 ἔχειν
537 1355 620 1421 πόδας
635 1352 716 1423 ὀκτώ,
732 1342 769 1411 ὄιν
785 1349 843 1419 τοὺς
853 1350 901 1428 μίν

131 1448 183 1505 ὄνοι
197 1446 244 1505 δύο
264 1443 308 1504 καλ
326 1444 400 1504 κάτω
419 1443 583 1522 ἐλαχίστους,
599 1439 657 1508 τοὺς
677 1439 701 1499 δ’
725 1440 752 1498 ἐν
768 1439 841 1521 μίσῳ
854 1461 901 1518 με·

129 1536 241 1612 γίστους·
250 1533 322 1615 ἔχειν
336 1531 420 1590 δὲκαὶ
434 1530 608 1604 κοτυληδόνας
617 1528 674 1602 δύο,
688 1519 730 1593 αἶς
743 1529 791 1601 τλν
804 1526 901 1608 τρορὴν

127 1621 313 1703 προσάγεσθαι·
341 1619 399 1686 τοὺς
428 1619 452 1678 δ’
479 1617 629 1701 ὀρθαλμοὺς
655 1616 745 1677 ὀποίνω
772 1619 824 1676 τῶν
858 1617 904 1675 δύο

127 1712 214 1770 ποδῶν
226 1710 320 1790 (corr.
335 1708 457 1781 ὀδόντων,
477 1727 514 1766 ex
526 1709 561 1768 Α.
575 1707 611 1768 ll.
626 1708 682 1767 An.
695 1705 752 1780 ll,
773 1726 801 1780 ι,
813 1726 843 1785 ρ.
855 1704 905 1778 56,

132 1801 168 1859 53
181 1802 202 1878 l
219 1799 249 1858 τδ
271 1799 299 1858 δδ
322 1796 409 1875 στόμα
433 1795 479 1854 καλ
502 1795 561 1862 τοὺς
575 1793 682 1862 ὀδόντας
696 1795 723 1852 tv
745 1794 832 1871 μίσοις
853 1797 906 1862 τοῖς

125 1890 214 1948 ποσίν.
229 1887 414 1966 Ἀναπτυχθείς
436 1881 464 1943 ll
484 1884 626 1964 ἕγκίραλον
648 1881 704 1961 ἔχει
725 1884 828 1963 διμερῆ·
850 1882 905 1961 ὄχεε

124 1977 153 2036 δὲ
183 1976 229 2035 καλ
256 1975 300 2034 τόν
328 1975 467 2052 λεγόμενον
492 1973 585 2046 θολόν,
606 1973 636 2031 ού
659 1970 759 2048 μελανσ
785 1970 904 2048 καθάπερ

123 2064 226 2137 σηπία,
248 2061 309 2122 all?
325 2060 486 2142 ὑπέρυθρον,
503 2062 529 2117 ἐν
552 2062 590 2139 τῷ
615 2057 748 2137 λεγομένω
763 2057 874 2135 μήκωνι·
889 2059 904 2116 δ

123 2154 151 2211 δὲ
181 2151 274 2229 μήκων
296 2154 382 2210 κεῖται
408 2150 498 2210 ἐπάνω
515 2152 564 2220 τῆς
587 2147 687 2213 κοιλίας
713 2146 790 2205 οἱονεί
803 2146 901 2213 κύστις·

124 2241 281 2320 σπλάγχνον
294 2238 317 2298 δ’
326 2240 373 2299 οὑκ
390 2237 446 2317 ἔχει
466 2237 620 2316 ἀναλογοῦν.
637 2237 730 2314 ’δ’ρορῇ
755 2231 782 2293 δὲ
804 2237 903 2314 χρῆται

121 2331 195 2390 ἔστιν
222 2329 266 2387 ὅτε
291 2328 336 2386 καί
360 2335 414 2395 τοῖς
437 2330 490 2385 τῶν
520 2323 667 2405 κογχυλίων
691 2321 902 2403 σαρκιδίοις,τό

122 2420 245 2499 ὄστρακα
261 2416 334 2484 ίκτός
355 2419 408 2475 τῶν
422 2416 549 2492 θαλαμῶν
569 2411 678 2494 ῥίπτων·
697 2410 754 2470 ὄθεν
778 2411 901 2490 διαγινώ·

125 2528 236 2566 σκουσιν
248 2507 272 2566 οἱ
290 2502 448 2584 θηρεύοντες.
463 2500 569 2581 Ὀχεύιι
582 2499 609 2559 δὲ
624 2498 840 2578 συμπλεκόμενος
856 2498 902 2558 καὶ

119 2593 206 2653 πολὺν
221 2591 315 2673 χρόνον
332 2589 481 2663 πλησιάζει,
496 2587 540 2647 διδι
553 2587 583 2646 τὸ
597 2585 707 2664 ἄναιμος
720 2577 798 2646 εἶναι,
810 2585 903 2646 Τίκτει

120 2681 148 2740 δὲ
164 2679 210 2740 διδι
226 2684 271 2738 τοὺ
283 2676 424 2756 λεγομένου
436 2678 594 2757 φυσητῆρος,
608 2674 635 2741 ὄς
644 2676 700 2732 ἐστι
711 2674 789 2756 πόρος
801 2676 839 2752 τῷ
853 2672 904 2732 σώ·

119 2794 201 2846 ματι,
218 2767 264 2828 καὶ
277 2770 360 2826 τίκτει
372 2766 412 2824 tlt
427 2763 562 2845 βοτρυδόν.

162 2859 234 2916 Haec
248 2855 362 2926 omnia,
372 2853 502 2932 exceptis
518 2853 554 2910 iis
569 2871 633 2930 quae
644 2851 680 2909 de
690 2850 843 2908 atramenti
855 2869 903 2908 co·

117 2947 186 3005 lore
199 2958 228 3004 et
236 2944 271 3002 de
280 2940 573 3013 coitunarrantur,in
581 2940 618 3001 ll.
626 2941 683 2999 An.
695 2938 843 3014 leguntur,
853 2938 902 2996 sed

117 3033 229 3092 multis
252 3033 326 3090 locis
340 3030 484 3109 dispersa,
506 3028 542 3091 cl.
562 3027 612 3100 lv,
633 3048 660 3100 1,
675 3047 706 3106 p.
724 3026 773 3104 56,
790 3045 838 3098 ιο,
861 3045 906 3099 17,

117 3123 177 3194 533
195 3120 276 3194 vlll,
289 3141 318 3192 2,
341 3140 371 3197 p.
395 3117 463 3192 148,
481 3126 534 3188 4ο,
553 3116 587 3189 V,
606 3117 637 3189 6,
653 3135 682 3194 p.
699 3116 748 3186 δυ,
763 3134 813 3188 22,
829 3134 853 3171 c.
869 3134 904 3170 12

115 3231 148 3288 p.
168 3210 223 3280 83,
246 3209 293 3281 45,
307 3209 348 3266 ita
369 3217 401 3265 ut
410 3206 480 3283 jure
503 3205 674 3264 Athenaeum
696 3223 757 3262 non
773 3222 811 3261 ex
833 3201 907 3281 ipsis

1672 355 1727 414 183

1275 739 1312 796 ιο
1335 739 1429 815 (τοι).

1004 875 1108 934 Athen.
1120 875 1185 947 llll,
1202 876 1301 948 312?
1317 898 1324 933 ι
1345 875 1379 936 '0
1396 875 1424 934 δὲ
1438 877 1556 944 ναυτίλος
1568 877 1735 956 καλούμενος,

964 963 1043 1044 ρησίν
1068 962 1324 1044 Ἀριστοτέλης,
1352 965 1484 1032 πολύπους
1508 966 1555 1042 μὲν
1583 970 1629 1025 οὐκ
1649 968 1736 1040 ἔστιν,

962 1051 1077 1131 ἔμρερλς
1099 1051 1127 1110 ul
1154 1051 1222 1111 κατά
1243 1052 1290 1120 τάς
1312 1052 1471 1119 πλεκτάνας·
1485 1051 1543 1131 ἔχει
1563 1055 1590 1113 δὲ
1605 1055 1636 1115 τὸ
1656 1061 1737 1116 νῶτον

961 1140 1183 1220 ὀστρακόδερμον.
1202 1139 1339 1199 Ἀναδύνει
1350 1140 1378 1199 δὲ
1394 1143 1424 1198 ἐκ
1437 1146 1483 1200 τοὺ
1498 1144 1577 1221 βυθοῦ
1592 1144 1631 1223 ἐρ’
1643 1143 1736 1203 ίαυτόν

962 1229 1030 1308 ἔχων
1051 1226 1081 1286 τὸ
1101 1227 1241 1309 ὄστρακον,
1256 1227 1300 1288 ίνα
1314 1228 1351 1306 μὴ
1366 1228 1414 1301 τὴν
1428 1228 1564 1288 θάλασσαν
1581 1230 1655 1310 ὄλκῃ·
1671 1235 1738 1292 ἐπα-

962 1317 1120 1396 ναστραρεὶς
1130 1317 1153 1374 δ’
1168 1318 1276 1376 ἐπιπλεῖ
1290 1317 1345 1376 ὄνω
1365 1316 1478 1388 ποιήσας
1490 1316 1536 1376 δύο
1550 1322 1602 1377 τῶν
1614 1324 1738 1381 πλεκτα-

962 1409 1030 1477 νῶν,
1046 1403 1076 1463 αδ
1097 1403 1195 1482 μεταξύ
1210 1408 1295 1465 αὑτῶν
1314 1405 1409 1466 λεπτόν
1426 1404 1508 1482 ὑμένα
1530 1405 1622 1487 ἔχουσι
1643 1411 1738 1470 διαπε-

961 1494 1073 1574 ρυκότα,
1085 1495 1122 1560 ὡς
1135 1493 1181 1553 καί
1194 1495 1248 1551 τῶν
1258 1492 1366 1572 ὀρνίθων
1380 1496 1404 1552 oi
1417 1493 1494 1561 πόδες
1510 1497 1622 1575 ὁρῶνται
1637 1497 1736 1574 μεταξύ

960 1586 1013 1642 τῶν
1032 1582 1167 1642 δακτύλων
1191 1582 1345 1662 δερμάτινον
1361 1582 1444 1659 ὑμένα
1468 1582 1581 1662 ἔχοντες·
1603 1585 1685 1653 ἄλλος
1710 1587 1738 1646 δὲ

963 1671 1008 1731 δύο
1024 1669 1173 1738 πλεκτάνας
1198 1669 1320 1744 καθίησιν
1334 1673 1371 1738 τίς
1390 1670 1437 1742 riu
1454 1671 1590 1746 θάλασσαν
1610 1673 1669 1733 ἀντὶ
1684 1699 1734 1748 πη·

963 1756 1072 1820 δαλίων.
1088 1756 1177 1818 Ὅταν
1200 1757 1228 1817 δά
1251 1780 1277 1815 τι
1290 1755 1398 1838 προσιόν
1421 1754 1481 1838 ίδῃ,
1497 1759 1585 1826 δείσας
1599 1760 1735 1820 συστίλλει

961 1844 1022 1911 τοὺς
1041 1844 1124 1912 πόδας
1136 1844 1183 1904 καί
1200 1842 1344 1927 πληρώσας
1359 1843 1436 1905 αὑτὸν
1451 1848 1499 1918 τῆς
1512 1846 1646 1921 θαλάσσης
1667 1850 1736 1909 κατδι

962 1937 1041 2012 βυθοῦ
1056 1936 1091 2000 ὡς
1104 1932 1184 2013 τάχος
1197 1941 1289 2014 χωρεῖ.
1417 2005 1421 2013 Ι

1003 2021 1048 2082 ΑΙ)
1064 2022 1118 2082 hac
1142 2023 1329 2101 narratione,
1354 2022 1401 2082 cui
1416 2022 1521 2082 similis
1535 2037 1578 2082 est
1588 2044 1653 2102 quaa
1668 2025 1739 2101 legi-

962 2121 1009 2167 tur
1033 2113 1065 2168 in
1085 2109 1213 2189 Oppiani
1233 2111 1360 2169 Halicut,
1382 2110 1409 2187 l,
1432 2112 1489 2168 338
1510 2131 1589 2190 sqq„
1614 2114 1733 2192 paulum

960 2195 1118 2274 disserunt,
1134 2217 1199 2275 quae
1212 2198 1289 2275 apud
1305 2198 1500 2270 Aristotelem,
1515 2199 1589 2258 llist.
1607 2202 1664 2261 An.
1682 2199 1735 2271 lx,

962 2284 1010 2357 37,
1026 2305 1057 2362 p.
1075 2285 1143 2360 193,
1160 2305 1208 2355 21,
1225 2296 1346 2342 exstant.

1273 2437 1306 2492 51
1332 2436 1428 2514 (287).

1002 2582 1107 2642 Athen.
1122 2583 1190 2657 Vll,
1203 2583 1272 2653 323,
1294 2582 1317 2640 C
1335 2604 1341 2638 :
1357 2580 1413 2654 Τὴν
1429 2583 1571 2656 σηπίανδό
1592 2584 1740 2666 Ἀριστο-

962 2669 995 2729 τί
1000 2673 1064 2742 λης
1078 2671 1142 2750 anci
1156 2670 1239 2736 πόδας
1259 2669 1328 2748 ἔχειν
1343 2671 1422 2742 ὀκτώ,
1437 2662 1474 2730 ὧν
1484 2671 1544 2740 τοὺς
1557 2674 1681 2734 ὑποκάτω
1693 2675 1739 2734 δύο

965 2757 1112 2836 μεγίστους,
1134 2756 1311 2839 προόοσκίδας
1324 2757 1381 2832 δύο,
1402 2757 1448 2817 καλ
1465 2759 1564 2837 μεταξὺ
1579 2763 1665 2820 αὐτῶν
1680 2762 1739 2829 τοὺς

965 2845 1113 2926 ὄρθαλμοὺς
1122 2846 1168 2904 καὶ
1182 2844 1280 2921 στόμα.
1295 2843 1376 2926 Ἔχει
1399 2845 1427 2906 δὲ
1442 2846 1488 2905 καλ
1502 2848 1608 2915 ὀδόντας
1623 2847 1680 2923 δύο,
1695 2851 1739 2908 τὸν

963 2937 1010 3012 μὲν
1026 2933 1081 2991 ἄνω
1094 2933 1138 2992 τδν
1162 2933 1287 3007 δίκοίτω,
1303 2935 1347 2993 καλ
1364 2934 1395 2992 τό
1409 2935 1549 3014 λεγόμενον
1569 2935 1697 3016 ὄστρακον
1712 2941 1738 2997 ἐν

962 3026 1000 3104 τῷ
1014 3021 1102 3101 νώτῳ.
1117 3021 1165 3082 Ἐν
1187 3022 1214 3081 δὲ
1228 3025 1262 3101 τῇ
1277 3021 1367 3098 μύτιδι
1390 3025 1404 3080 ὁ
1429 3022 1503 3090 θολός
1518 3026 1598 3082 ἔστιν·
1620 3022 1688 3097 αύτη
1708 3027 1737 3085 ll

961 3121 1046 3171 κεῖται
1057 3110 1120 3190 παρ’
1130 3107 1195 3169 αὑτό
1204 3110 1235 3169 τὸ
1249 3109 1336 3190 στόμα
1347 3108 1463 3180 κύστεως
1475 3110 1573 3192 τρόπον
1588 3111 1733 3193 ὀπίχουσα.

963 3199 1045 3260 Ἔστι
1062 3198 1085 3257 δ’
1100 3205 1118 3270 ἡ
1132 3198 1219 3258 κοιλία
1235 3196 1377 3271 πλακώδης
1392 3197 1437 3257 καλ
1451 3199 1521 3272 λεία,
1537 3199 1616 3277 ὁμοία
1625 3210 1679 3268 τοῖς
1688 3205 1740 3260 τῶν

494 3425 534 3473 ιε.
607 3408 612 3416 ’

149 3538 298 3589 Aristotcles
309 3536 463 3587 carnivorum
473 3550 528 3588 esse
538 3537 572 3587 ait
583 3537 700 3601 onagrum
712 3538 737 3588 el
750 3535 883 3587 solitarium
898 3554 903 3584 :

113 3627 312 3689 liabercqnccor
321 3624 465 3687 triangulare
477 3627 501 3675 ct
513 3624 594 3688 rigere
606 3637 669 3675 τετε.

383 3773 438 3838 (ne
455 3774 655 3835 nomnsols.)

501 3908 550 3965 ,ta

147 4021 245 4070 Narrat
266 4019 422 4084 Aristotcles,
442 4017 587 4083 polypodem
613 4021 669 4069 octo
693 4018 782 4070 habere
810 4018 905 4082 ρεθειε

111 4119 232 4171 quornm
247 4105 296 4156 duo
312 4106 417 4171 snpraml
430 4105 530 4172 duoque
547 4106 638 4170 intimi,
653 4107 761 4170 minimi,
774 4107 847 4156 mcdll
865 4119 907 4156 au·

110 4200 170 4246 tem
186 4193 299 4243 maximi.
315 4193 409 4246 llabcrc
424 4198 506 4246 aulem
518 4195 592 4246 ctiam
607 4194 657 4245 duo
669 4194 803 4257 acetabula,
817 4195 907 4258 quibus

110 4283 209 4334 cibum
228 4281 264 4331 ori
280 4281 406 4333 admoveat
426 4303 433 4334 ε
450 4283 535 4334 oculos
554 4297 613 4334 τετυ
629 4297 704 4348 συρτει
719 4283 814 4334 dnobus
828 4283 906 4334 uenu-

111 4373 166 4422 bus
189 4386 196 4415 :
217 4384 246 4420 os
256 4373 337 4421 aulem
358 4374 383 4422 ct
401 4371 494 4435 dentes,
508 4373 532 4423 in
547 4372 635 4437 ροᾱιιειι
647 4372 736 4423 melio.
749 4372 873 4423 Disscctus
884 4374 908 4422 cl

109 4459 277 4524 explicatas,
296 4459 422 4510 cerebrum
443 4460 532 4512 habere
554 4458 740 4525 deprehenditur
757 4459 904 4523 ltparlitum.

109 4548 209 4601 Habet
221 4560 279 4598 τετυ
294 4547 366 4598 ctiam
379 4552 541 4600 atramentum
553 4549 618 4613 quod
631 4547 728 4611 dicitur,
742 4547 813 4598 sicuti
823 4548 906 4612 cepia3

113 4650 169 4688 nec
195 4648 256 4685 τετο
272 4635 331 4685 illud
348 4636 458 4701 nigrum,
474 4636 519 4687 scd
533 4637 664 4687 rubescens
679 4651 686 4682 ε
705 4636 815 4699 inestque
836 4636 862 4686 in
879 4649 907 4686 ea

106 4726 202 4789 parte,
219 4735 276 4787 qum
289 4737 374 4775 mecon
385 4725 438 4776 sire
451 4737 556 4789 ponerer
569 4723 665 4775 dicitnr.
679 4723 757 4776 sitnm
772 4726 810 4774 est
826 4726 907 4774 antem

106 4824 234 4878 papaver
249 4825 324 4876 capra
342 4815 452 4864 ventrem
475 4812 550 4864 relml
571 4811 660 4864 vesica
681 4811 824 4863 intestinum
846 4825 906 4863 vero

106 4902 172 4952 aliis
191 4899 303 4964 ρὶιοίθυι
325 4899 403 4952 slmllc
421 4900 565 4956 nonhabet.
582 4900 641 4952 cibo
663 4900 739 4951 utitur
753 4914 829 4964 quum
843 4901 903 4962 alio,

105 4994 171 5040 lum
181 4987 291 5039 subinde
303 5001 377 5039 ιετινε
389 4988 572 5051 conmutatum,
581 5001 685 5053 nauum
696 4989 771 5039 testas
782 4990 852 5039 extra
863 5001 906 5038 cu-

104 5078 163 5128 bile
187 5088 267 5126 strum
285 5076 393 5140 proilclt;
407 5089 458 5141 quo
474 5077 544 5142 siano
563 5090 607 5129 coa
618 5076 703 5128 οδετιε
716 5074 851 5140 intelligunt
866 5076 907 5139 qui

103 5164 254 5217 venantur.
278 5163 332 5216 (θοᾶν
362 5166 506 5231 complexu,
538 5166 658 5232 longoque
682 5168 791 5228 tempore
817 5164 907 5217 coitum

964 3421 1077 3482 absolvit,
1090 3420 1203 3483 quonum
1213 3421 1341 3483 exsanguis
1352 3422 1399 3470 est.
1409 3421 1476 3471 Parit
1488 3427 1568 3471 aulem
1575 3436 1616 3486 ρετ
1626 3423 1739 3486 fistulam,

961 3507 1123 3572 condicitur,
1135 3508 1176 3571 qui
1188 3507 1453 3572 estcornorismeatus.
1467 3511 1520 3559 Ova
1533 3513 1613 3561 autem
1625 3512 1687 3574 parit
1700 3526 1739 3561 ra·

960 3598 1081 3650 camalim.

1324 3739 1364 3783 5⁰.

992 3872 1041 3931 Qui
1054 3871 1159 3922 naulllus
1170 3873 1281 3934 vocatur,
1294 3871 1372 3934 inquit
1384 3871 1534 3934 Aristoteles,
1546 3873 1568 3922 is
1582 3873 1681 3936 polypus
1689 3874 1740 3937 qni·

960 3960 1016 4011 dem
1027 3974 1077 4011 non
1090 3963 1137 4022 est,
1150 3960 1192 4011 scd
1206 3958 1311 4010 brachiis
1323 3960 1345 4010 ei
1361 3959 1455 4010 similis.
1473 3961 1552 4023 llujus
1564 3960 1662 4012 dorsum
1679 3965 1740 4013 testa

960 4050 1058 4112 tegitur.
1077 4048 1182 4111 Emergit
1195 4051 1275 4097 aulem
1295 4060 1308 4097 ε
1324 4047 1452 4110 profundo,
1469 4050 1556 4098 lentam
1571 4061 1643 4113 supra
1658 4063 1685 4098 ιε
1700 4049 1740 4099 ha·

960 4137 1030 4198 bens,
1050 4150 1081 4186 ne
1097 4126 1184 4200 aquam
1196 4137 1237 4186 illa
1250 4137 1330 4187 trahat
1350 4155 1356 4186 ι
1378 4134 1464 4186 turne
1478 4149 1623 4200 conversas,
1646 4138 1740 4189 innatat

962 4225 1064 4289 supinus
1075 4237 1155 4288 aqna,
1168 4224 1269 4275 sublatis
1282 4224 1378 4275 dnobus
1392 4238 1406 4274 ε
1418 4225 1469 4274 suis
1484 4224 1597 4287 brachiis,
1612 4227 1674 4277 inter
1683 4242 1740 4290 ‹111ae

961 4312 1040 4364 lcnula
1051 4313 1170 4363 internata
1182 4313 1321 4362 membrana
1329 4310 1486 4372 distenditur3
1499 4313 1577 4376 qualis
1596 4317 1633 4363 est
1647 4314 1686 4363 illa
1697 4329 1739 4364 εκ)-

961 4402 1040 4452 riacca
1056 4400 1206 4462 membrana,
1223 4414 1295 4463 quam
1309 4401 1334 4449 in
1355 4399 1436 4449 arium
1449 4400 1618 4451 nonnullorum
1637 4402 1740 4466 pedibus

961 4488 1025 4538 iuter
1039 4488 1126 4553 digitos
1141 4491 1263 4539 extentam
1282 4486 1391 4537 videmus
1407 4500 1413 4531 ι
1427 4486 1476 4537 duo
1489 4489 1570 4538 autem
1581 4489 1626 4538 alia
1641 4488 1740 4540 brachia

960 4576 986 4625 ln
1002 4588 1070 4626 marc
1093 4574 1210 4638 demittit,
1229 4588 1285 4637 quaa
1306 4573 1405 4624 snnlei
1431 4587 1475 4638 pro
1498 4574 1674 4638 gnbcmacnlls.
1691 4576 1739 4627 Ubi
1780 4577 1782 4580 ‘

961 4677 1019 4714 τετυ
1033 4661 1121 4726 aliquid
1136 4661 1253 4712 aduersus
1268 4675 1295 4711 se
1306 4659 1372 4710 unu
1386 4660 1509 4722 accedere,
1522 4665 1631 4712 metucns
1642 4667 1738 4714 contra-

961 4750 997 4799 lril
1007 4750 1088 4814 pedes,
1101 4752 1126 4800 et
1140 4762 1203 4813 aqua
1212 4750 1298 4798 lectam
1310 4747 1421 4811 implens,
1433 4747 1542 4798 celeriter
1555 4748 1579 4798 in
1594 4742 1738 4812 protundum

964 4845 1023 4894 abit.

1329 4966 1368 5009 at.

992 5077 1086 5142 διερίσειν
1109 5091 1183 5141 τετυ,
1205 5077 1346 5128 Aristoteles
1361 5076 1457 5139 serint,
1475 5075 1548 5140 ρεᾱει
1563 5075 1652 5124 habere
1666 5074 1737 5133 octo,

960 5179 1063 5230 quorum
1083 5165 1133 5218 dno
1153 5164 1230 5218 unni
1252 5164 1370 5226 maximi3
1386 5163 1540 5230 umbosettcs
1558 5162 1619 5213 duas
1632 5164 1657 5212 el
1678 5161 1739 5211 inter
