4134 6134
564 384 620 446 DE
637 383 960 446 enlmsoenotttttt
981 379 1196 444 DOGTlllNlS.
1219 377 1222 384 ’
1513 429 1520 443 .
1644 390 1683 449 'ts

86 521 131 584 tv.
153 522 205 582 Ta
234 522 285 583 lili
306 520 385 579 ΤΗΣ
405 518 618 580 ΠΟΛΙΤΕΙΑΣ
638 519 854 580 ΠΛΑΤὩΝΟΣ

122 659 336 739 compendium
344 658 478 716 Platonis
489 656 635 716 libroruin
647 657 685 715 de
696 656 856 736 Republica

86 762 214 809 recenset
231 748 319 824 Πίος.
335 747 369 804 L.
388 744 447 826 (aa)
461 743 496 805 τά
510 747 540 804 ἐκ
553 750 600 817 τῆς
616 745 757 811 Πολιτείας
770 744 796 804 α’
811 746 853 824 β’,

84 838 136 898 nbi
149 858 166 896 e
177 837 351 916 procedenti
366 835 453 894 titulo
466 832 500 894 τά
513 836 543 892 itt
552 837 605 892 τῶν
618 833 717 911 Νόμων
730 835 855 896 Πλάτω-

83 949 123 992 νος
138 943 241 984 nomen
256 923 430 1001 philosophi
446 921 643 1000 supplendum
655 935 707 980 est.
722 921 854 980 'l'itulum

82 1021 253 1089 Anonymus
268 1010 388 1080 omisit,
409 1009 519 1068 hahent
533 1028 602 1067 vero
623 1008 753 1068 Arabum
773 1009 853 1067 indi·

82 1121 128 1160 ces
148 1103 371 1176 :Compendiunt
391 1105 483 1174 operis
499 1101 640 1155 Platonici
658 1101 694 1154 de
707 1102 855 1174 Regimine

80 1196 219 1244 civitatum
230 1190 295 1244 iibri
308 1192 356 1258 lt,
373 1185 579 1246 Dsehetnalud.
594 1185 675 1265 (ιδ),
692 1189 757 1242 iibri
771 1190 800 1240 V
816 1190 853 1244 de

78 1280 306 1334 administranda
325 1279 494 1352 Republica,
509 1281 648 1351 excerpsit
667 1274 708 1332 ibi
721 1296 784 1332 curn
801 1279 852 1332 de·

79 1370 149 1421 tectu
163 1367 253 1422 verba
266 1368 400 1434 Platonis,
419 1362 546 1422 lladsehi
563 1362 667 1422 Khslsn
682 1362 719 1439 t,
732 1365 771 1422 tto
786 1362 854 1422 ilii·

77 1454 133 1527 gel.
149 1451 183 1510 ln
206 1473 267 1530 quo
282 1453 369 1511 titulo
383 1452 464 1530 qnod
480 1453 614 1532 quinque
627 1450 798 1511 indicentur
815 1451 853 1510 li·

78 1540 142 1613 hri,
160 1539 232 1600 inde
255 1543 377 1600 sortasse
400 1540 507 1598 suctum
529 1551 591 1612 est,
608 1539 688 1616 qnod
707 1539 739 1600 in
762 1559 854 1598 unum

73 1629 231 1706 conjuncti
245 1641 316 1688 sunt
332 1641 393 1687 tres
406 1627 479 1686 libri
498 1626 676 1706 compendii
695 1631 806 1703 legum
826 1641 855 1686 et

75 1717 135 1776 dno
148 1717 348 1797 Reipublicae,
368 1715 418 1776 eui
432 1715 611 1794 conjecturae
624 1716 697 1774 slter
708 1715 804 1775 savem
817 1717 853 1774 ti·

75 1807 156 1866 tulus
182 1807 302 1868 videtur
327 1806 381 1884 qui
398 1803 477 1884 epud
508 1803 636 1864 eundern
660 1819 852 1878 memoratur,

73 1912 103 1972 p.
132 1903 189 1964 tia
214 1897 402 1952 :Aristoteles
421 1897 459 1950 de
483 1895 633 1968 Voluptate
651 1895 716 1950 tttrt
734 1897 808 1967 duo,
824 1902 853 1950 ln

70 1985 175 2057 quibus
193 1987 305 2059 potiora
316 2002 383 2056 φιιαν
401 1984 487 2039 Plato
502 1987 533 2037 in
547 1983 650 2037 Politia
662 1984 790 2049 dixerat,
806 2003 852 2039 se·

72 2075 148 2128 lecta
161 2078 299 2130 vectavit.
316 2069 413 2130 Facile
424 2069 503 2130 eninr
518 2069 695 2148 perspicitur
707 2090 724 2130 e
738 2071 854 2132 duobus

70 2157 204 2218 diversis
218 2158 312 2216 titulis
325 2157 469 2217 coaluisse
486 2157 578 2228 hunc,
599 2178 689 2236 quum
705 2161 737 2217 in
756 2159 857 2219 indice

71 2245 404 2325 Dsehetnalnddinilrii)
416 2244 533 2304 liherde
541 2251 687 2322 voluptate
696 2249 793 2306 stetim
801 2247 854 2306 ad·

66 2336 209 2408 jiciatnr.
223 2335 296 2406 Quae
307 2336 339 2394 in
351 2335 549 2414 Theophrasti
563 2336 740 2415 scriptorum
755 2336 855 2396 tabule

68 2423 196 2482 affertur
202 2421 336 2501 Ἐπιτομὴ
342 2426 388 2494 τῆς
398 2423 540 2488 Πλάτωνος
546 2423 687 2491 Πολιτείας
693 2423 719 2482 α’
729 2421 755 2502 β’
763 2426 853 2500 (Ana-

70 2517 146 2569 lecta
165 2513 388 2588 Theophrartea,
405 2532 433 2591 p.
447 2521 476 2584 4,
498 2514 533 2570 15
546 2513 657 2590 Usenl,
669 2532 738 2571 num
753 2513 853 2571 eedem

68 2601 163 2659 inerit
179 2615 267 2678 atque
288 2601 472 2673 Aristotelis,
485 2601 566 2678 quod
583 2615 613 2660 et
626 2601 775 2660 Usenerns
796 2599 854 2659 sibi

67 2690 238 2765 persuasit,
262 2687 348 2767 cujus
374 2689 436 2748 htec
457 2701 527 2746 sunt
541 2688 633 2747 verba
656 2689 676 2746 l.
693 2689 711 2746 l.
733 2709 762 2766 p.
785 2709 821 2765 19
844 2709 852 2744 τ

65 2804 78 2829 ι
96 2777 270 2856 Εμίιοπιοιιι
289 2776 472 2856 lleipuhlicae
494 2776 653 2834 Platonica>
677 2775 792 2833 dnobus
812 2774 855 2832 li-

64 2863 133 2923 bris
146 2865 393 2944 comprehensam
406 2883 472 2941 quae
483 2875 513 2921 et
525 2864 557 2921 in
568 2862 764 2941 Theophrasti
780 2877 810 2922 et
821 2864 853 2923 in

65 2955 246 3012 Aristotelis
258 2954 380 3031 scriptis
391 2951 550 3021 ferebatur,
569 2950 681 3028 majore
694 2965 773 3010 certe
787 2972 853 3010 cnm

59 3040 136 3116 jure
161 3041 316 3100 Aristoteli
338 3060 425 3118 quam
440 3039 487 3099 illi
502 3038 631 3111 tribuas,
650 3039 707 3099 nisi
724 3039 763 3098 ab
782 3039 854 3098 rdo-

62 3129 237 3187 lescentulo
248 3128 280 3186 in
291 3128 479 3207 praeceptoris
488 3147 573 3186 usum
583 3127 776 3206 perscriptam
788 3146 852 3186 esse

61 3216 303 3288 existimaveris,
318 3215 498 3293 -dijudieari
512 3215 566 3273 vix
579 3215 659 3287 licet,
675 3235 765 3291 quum
778 3228 807 3273 et
817 3214 855 3273 ah

62 3319 202 3381 utroque
217 3304 273 3362 tale
285 3303 493 3381 compendium
508 3303 614 3362 confici
628 3301 766 3381 potuerit.

420 3434 512 3516 ‹ns-t

107 3568 245 3628 Proclus
258 3571 290 3626 in
302 3567 378 3626 Plst.
396 3565 554 3646 llempubl.
568 3587 598 3645 p.
614 3567 671 3625 350
682 3566 728 3626 ed
740 3567 830 3625 Besil.
844 3585 853 3626 t

59 3654 182 3736 Ἐτεροι
197 3655 227 3714 δὲ
248 3659 297 3716 οὐκ
311 3654 435 3721 ίλάττους
451 3653 549 3713 τοίιτων
563 3652 622 3713 οὐδὲ
638 3654 854 3735 άνεχιγγιιώτερα

57 3746 220 3827 γράφοντες
232 3744 294 3825 περί
308 3743 443 3811 πολιτείας
464 3734 597 3815 εἶναιτὴν
619 3742 741 3823 πρόθεσιν
763 3743 854 3811 ἀξιοῦ-

909 517 944 592 Β,
959 516 995 576 35
1013 537 1021 573 :
1038 514 1095 574 Καὶ
1106 513 1212 573 πάντων
1227 504 1302 592 οἶμαι
1314 516 1414 590 μᾶλλον
1427 520 1441 576 ὁ
1453 515 1685 597 Ἀριστοτέλης

908 603 957 676 την
972 605 999 662 ἐν
1018 604 1129 683 Τιμαίῳ
1151 601 1211 682 περὶ
1229 601 1329 660 τούτων
1352 609 1397 661 τοῦ
1414 604 1558 674 Πλάτωνος
1574 606 1685 684 γνώμην

908 692 1055 762 ἠπίστατο,
1069 689 1097 757 ὃς
1114 689 1161 749 καὶ
1188 688 1296 771 σύνοψιν
1314 686 1332 760 ἢ
1357 690 1485 768 ἐπιτομὴν
1499 697 1545 751 τοῦ
1560 692 1679 770 Τιμαίου

908 778 1020 858 γράφειν
1048 779 1096 837 οίικ
1117 775 1272 849 άπηξίωαεν.
1290 778 1335 836 hd
1359 778 1438 838 hunc
1458 780 1548 856 igitur
1574 783 1683 842 librum

909 880 1020 944 spectat
1038 867 1164 925 titulus:
1185 864 1228 925 Τά
1238 869 1269 925 ἐκ
1280 869 1325 924 τοῦ
1341 865 1458 944 Τιμαίου
1468 867 1513 926 καί
1526 873 1577 928 τῶν
1585 868 1683 950 Ἀρχυ-

909 953 984 1012 τοίων
1001 955 1079 1034 apud
1094 955 1180 1030 Diog.
1204 957 1301 1012 Laeti.
1318 951 1390 1032 (94),
1405 954 1435 1011 ίκ
1449 959 1494 1012 τοῦ
1508 955 1624 1032 Τιμαίου
1637 957 1683 1016 καί

908 1039 1035 1123 ’Ἀρχύτου
1049 1041 1073 1100 α’
1086 1041 1164 1121 apud
1180 1045 1274 1100 Anon.
1292 1042 1353 1120 (76)
1369 1064 1375 1098 :
1392 1042 1528 1102 diversus
1537 1064 1609 1103 vero
1622 1061 1682 1118 est,

908 1149 994 1207 quem
1009 1143 1140 1190 recenset
1151 1129 1278 1188 lladschi
1294 1130 1399 1188 lihelia
1409 1129 1471 1211 (ιδ)
1488 1151 1496 1187 :
1513 1135 1634 1190 Ttmoens
1645 1137 1683 1192 de

907 1226 1024 1276 scientia
1037 1226 1152 1293 magica
1161 1221 1205 1274 ud
1211 1221 1326 1274 rmdum.
1335 1223 1503 1277 Grceeorttm.

1080 1343 1130 1405 νι.
1161 1347 1260 1412 nnn
1290 1333 1506 1415 stridor.

947 1481 983 1539 ln
1002 1481 1041 1540 iis
1059 1502 1125 1557 quae
1148 1481 1185 1540 de
1206 1481 1329 1541 Platone
1345 1482 1485 1556 tradidit,
1498 1486 1681 1542 Aristotelem

908 1589 969 1628 non
993 1570 1087 1627 solnm
1123 1569 1330 1646 superstitibus
1356 1570 1526 1649 philosophi
1556 1573 1682 1651 dialogis

908 1676 993 1714 nsunt
1007 1673 1082 1724 esse,
1111 1667 1216 1733 praeter
1233 1675 1268 1714 ee
1281 1677 1348 1734 quse
1360 1659 1392 1716 in
1406 1658 1587 1738 Topicorum
1605 1661 1682 1720 libro
1802 1659 1807 1668 '

908 1754 1002 1813 sexto,
1024 1762 1050 1802 c.
1077 1763 1094 1799 ο
1113 1743 1161 1818 §5
1182 1742 1319 1819 leguntur
1346 1765 1353 1801 :
1374 1743 1437 1804 Ἔτι
1460 1747 1483 1803 εἰ
1504 1745 1541 1822 μὴ
1556 1746 1684 1821 καμίνοις

910 1828 1020 1905 θνόμαοι
1031 1833 1147 1909 χρῆται,
1162 1819 1215 1888 οἷον
1228 1831 1343 1892 Πλάτων
1360 1831 1514 1912 θφρυόσκιον
1526 1835 1570 1894 τὸν
1582 1837 1682 1915 ὀφθαλ·

910 1918 975 1994 μόν,
990 1917 1009 1990 ἢ
1025 1918 1056 1976 τὸ
1070 1917 1216 1998 φαλάγγιον
1230 1918 1389 1998 σηψιθακός,
1401 1919 1419 1992 ἢ
1431 1921 1475 1980 τὸν
1486 1923 1582 1996 μυελὸν
1595 1925 1683 1982 dotto·

910 2007 995 2085 γονάς·
1008 2017 1060 2067 πᾶν
1071 2007 1124 2089 γάρ
1138 2007 1236 2089 άσαφίς
1253 2008 1284 2068 τὸ
1296 2007 1333 2084 μὴ
1350 2011 1457 2088 εἰωθός,
1472 2012 1623 2071 manifeste
1636 2013 1683 2070 de·

911 2097 1021 2155 clarant
1040 2099 1091 2174 qui
1117 2112 1279 2175 sequuntur
1291 2099 1371 2170 loci,
1396 2098 1433 2158 de
1456 2101 1558 2160 Anime
1580 2099 1603 2175 l,
1623 2121 1682 2162 c.s

909 2185 927 2259 §
945 2205 960 2256 7
978 2207 984 2240 :
999 2183 1116 2244 Πλάτων
1127 2186 1153 2242 is
1170 2187 1209 2266 τῷ
1228 2184 1337 2264 Τιμαίῳ
1354 2185 1397 2266 (ρ.
1413 2187 1461 2262 35,
1479 2187 1519 2262 Α)
1534 2185 1582 2257 τὴν
1596 2187 1683 2268 ψυχὴν

910 2272 942 2329 ἐκ
955 2274 1007 2329 τῶν
1020 2271 1159 2351 στοιχείων
1171 2279 1290 2334 ποιεί...
1307 2273 1404 2348 θμοίῳς
1417 2273 1443 2332 δὲ
1459 2275 1505 2332 καί
1519 2277 1546 2332 is
1560 2276 1686 2354 τοῖςπερὶ

911 2360 1065 2439 φιλοσοφίας
1072 2359 1221 2438 λεγομένοις
1236 2359 1338 2441 (λόγοις
1353 2361 1418 2419 cod.
1432 2361 1457 2417 V
1478 2375 1507 2420 et
1523 2363 1568 2422 ed.
1583 2362 1686 2421 Camo-
1762 2431 1765 2438 .

911 2449 1003 2522 titana)
1024 2449 1166 2528 διωρίσθη,
1184 2449 1246 2507 αὐτὸ
1269 2447 1317 2526 μίν
1338 2449 1367 2507 τὸ
1396 2452 1462 2529 ζῷον
1485 2449 1512 2518 ἐξ
1534 2452 1615 2520 αὐτῆς
1639 2455 1686 2523 τῆς

910 2538 957 2592 τοῦ
975 2533 1031 2601 tota
1050 2534 1120 2602 ἰδέας
1138 2534 1245 2594 καὶτοῦ
1265 2535 1370 2614 πρώτου
1386 2537 1485 2612 μήκους
1498 2537 1544 2594 καί
1571 2537 1686 2605 πλάτους

910 2621 957 2680 καὶ
981 2621 1093 2702 βάθους,
1115 2621 1149 2681 τά
1168 2623 1191 2682 δ’
1214 2623 1282 2682 ἄλλα
1301 2623 1489 2704 ὁμοιοτρόπως.
1508 2620 1573 2685 Ἔτι
1592 2623 1620 2684 dl
1640 2626 1685 2686 καί

911 2714 1013 2787 ἄλλως,
1026 2722 1084 2788 νοθζν
1099 2715 1147 2793 μίν
1161 2716 1191 2774 τὸ
1209 2716 1252 2788 ἓν,
1266 2715 1416 2791 ἐπιστήμην
1427 2717 1453 2774 δὲ
1477 2715 1510 2774 τά
1524 2715 1582 2776 δύο·
1601 2740 1686 2794 μονοι-

911 2805 965 2881 χῶς
979 2801 1031 2881 γάρ
1047 2806 1087 2880 ἐφ’
1099 2802 1141 2862 ἕν·
1155 2801 1199 2862 τθν
1214 2802 1241 2862 δὲ
1258 2810 1303 2862 τοῦ
1323 2803 1446 2861 ἐπιπέδου
1462 2805 1571 2882 ἀριθμὸν
1593 2805 1685 2878 δόξαν,

909 2887 1030 2960 αἴσθησιν
1059 2891 1086 2950 δὲ
1116 2890 1160 2948 τὸν
1190 2895 1236 2950 τοῦ
1261 2897 1383 2970 στερεοῦ,
1416 2893 1577 2970 praesertim
1613 2913 1685 2952 vero

909 2976 1103 3054 Physicornm
1120 2977 1185 3036 lV:
1210 2978 1257 3038 Διθ
1277 2979 1322 3038 καί
1344 2976 1456 3036 Πλάτων
1482 2977 1529 3046 τὴν
1552 2977 1617 3050 ὕλην
1639 2979 1686 3038 καὶ

908 3062 957 3136 τὴν
969 3064 1059 3144 χώραν
1074 3065 1154 3125 ταθτό
1163 3089 1241 3146 φησιν
1254 3056 1321 3124 εἶναι
1340 3067 1366 3123 ἐν
1387 3069 1426 3144 τῷ
1440 3063 1550 3145 Τιμαίῳ
1563 3067 1610 3144 [p.
1628 3067 1684 3139 52,

911 3154 968 3234 h]-
981 3153 1011 3212 τὸ
1026 3153 1077 3232 γάρ
1097 3153 1293 3232 μεταληπτικὸν
1305 3153 1351 3211 καί
1363 3151 1411 3225 τὴν
1421 3153 1512 3232 χώραν
1529 3151 1556 3211 ἓν
1571 3153 1617 3211 καί
1629 3157 1689 3213 ταί·

911 3240 969 3300 τόν·
984 3239 1064 3300 ἄλλον
1084 3239 1111 3300 δὲ
1129 3241 1224 3321 τρόπον
1239 3245 1294 3301 ἐκεῖ
1308 3265 1337 3300 τε
1347 3240 1432 3320 λέγων
1446 3239 1477 3300 τθ
1493 3241 1688 3319 μεταληπτικὸν

910 3329 955 3388 καὶ
970 3331 997 3387 ἐν
1018 3337 1072 3395 τοῖς
1085 3332 1234 3408 λεγομένοις
1248 3328 1374 3411 άγράφοις
1391 3329 1536 3408 δόγμασιν,
1553 3328 1624 3404 ὅμως
1645 3329 1688 3388 τίν

909 3417 988 3476 τόπον
1009 3417 1055 3477 καὶ
1079 3417 1125 3489 τὴν
1147 3416 1239 3499 χώραν
1256 3419 1286 3478 τὸ
1310 3418 1373 3478 airh
1389 3417 1550 3498 άπεφήνστο.
1568 3417 1688 3478 'tertius

910 3521 1050 3585 preterea
1070 3507 1155 3565 locus
1169 3519 1213 3565 est
1227 3510 1305 3586 apud
1320 3508 1504 3567 Aristotelem
1525 3506 1562 3564 de
1575 3505 1685 3565 Gener.

910 3608 938 3653 et
951 3595 1089 3673 Corrupt.
1106 3593 1147 3666 ll,
1162 3595 1178 3652 3
1201 3619 1207 3652 :
1223 3594 1364 3662 Ὡσαύτως
1379 3594 1406 3654 δὲ
1421 3593 1464 3654 καί
1483 3597 1506 3654 οἱ
1521 3593 1580 3673 τρία
1595 3594 1687 3672 λέγον*

909 3705 951 3748 τες
966 3684 1093 3761 (στοιχεῖα
1105 3683 1188 3758 scil.)
1203 3683 1322 3761 καθάπερ
1338 3683 1451 3743 Πλάτων
1465 3684 1491 3740 ἐν
1504 3692 1561 3749 ταῖς
1575 3683 1687 3762 Διαιρά·

911 3793 995 3831 σεσιν·
1007 3770 1037 3828 τὸ
1052 3769 1105 3849 γάρ
1118 3768 1196 3846 με’σον
1212 3769 1298 3847 μίγμα
1316 3777 1402 3845 ποιεί,
1414 3788 1499 3847 quern
1509 3815 1518 3850 ,
1529 3783 1561 3828 ut
1571 3789 1588 3827 e
1600 3769 1690 3828 loan-

60 3857 127 3912 σν,
145 3836 172 3892 2³
187 3833 372 3915 “alteiae
384 3832 490 3906 iissre
501 3831 592 3911 ιίιυε
604 3832 665 3910 περὶ
676 3831 854 3906 δικαιοσύνην
911 3859 958 3917 nis
973 3858 1131 3936 Philoponi
1147 3859 1356 3916 commentario
1373 3858 1410 3916 aa
1425 3857 1454 3916 lt.
1473 3857 1495 3917 ι.
1518 3857 1569 3915 an.
1594 3857 1686 3932 50,n

58 3925 115 4002 οὐχ
128 3925 171 3992 ὡς
186 3922 386 4003 πθαθίώμίνω
398 3921 426 3982 ὃν
442 3923 500 3981 ἀλλ’
511 3925 547 4024 ὡς,
560 3919 729 4000 εὐπρόσωπον
742 3922 781 3998 τῷ
794 3919 856 3996 περὶ
911 3945 1051 4004 discimus
1066 3967 1072 4003 :
1089 3943 1259 4005 Ἀποδεκτέον
1276 3935 1320 4004 οὖν
1343 3946 1443 4022 μᾶλλον
1456 3943 1520 4022 ὅπερ
1539 3943 1687 4002 τελευταῖον

57 4011 211 4078 π’)λίτῑίαί
224 4011 360 4088 σώματί
371 4008 489 4089 παίίάο*
502 4010 578 4117 ὁδον-Ι
591 4007 856 4119 Καὶτμαίωίοῦπω
911 4033 1081 4111 προστίθησιν
1096 4031 1286 4110 δἈλέξανδρος
1300 4031 1408 4110 φάσκων
1421 4021 1482 4110 περὶ
1496 4031 1547 4088 τῶν
1561 4028 1685 4109 ἀγράφων

57 4100 110 4159 ml
126 4089 431 4176 οὗτοίῗὴνέπίίθαφὴν
448 4094 857 4176 ἀρχαιοταῗηνθυσαψκαὶίὰί
912 4120 1052 4199 δογμάτων
1074 4127 1119 4179 τοῦ
1143 4118 1287 4186 Πλάτωνος
1317 4117 1401 4195 λέγειν
1416 4118 1460 4176 τὸν
1483 4117 1685 4195 Ἀριστοτέλην,

57 4189 87 4248 Ἀ
99 4201 133 4266 ῥῑ
143 4209 163 4243 ⁶
171 4184 315 4259 ἵθῖίλης
325 4186 527 4263 &mittit-²⁵⁹0<
538 4185 587 4257 fl*
599 4183 783 4264 ίῑίίθίίίίίηίαν
794 4182 856 4243 '⁶²¹5'
912 4206 979 4286 άπερ
995 4206 1072 4273 αὔτθς
1084 4205 1266 4287 Ἀριστοτίλης
1283 4205 1466 4285 ἀπεγράφετο,
1481 4206 1527 4263 καὶ
1538 4210 1618 4262 τοῦτο
1636 4228 1686 4262 κα-

57 4299 117 4349 mv
132 4272 241 4333 οὑτωσί
255 4297 333 4354 φησιν
352 4302 365 4327 '¹
380 4274 563 4350 ἐίίῑῗίίάνῑθίίαι
575 4272 622 4344 '‘l''
636 4273 790 4334 Πολιτείαν·
805 4301 816 4326 '
910 4298 965 4355 λιίν
979 4295 1135 4376 Διαιρέσεις.
1152 4293 1199 4354 Ἐν
1213 4293 1318 4360 ἐκείνοις
1328 4291 1412 4352 τοίνυν
1425 4295 1438 4349 ὁ
1449 4291 1563 4353 Πλάτων
1578 4290 1607 4348 τὸ
1620 4291 1687 4368 μέγα

95 4418 136 4478 v·
163 4417 224 4476 ν
248 4416 300 4476 ν
911 4379 1689 4530 tt.itintistitustittnrt

100 4564 152 4619 De
178 4557 358 4638 compendio
372 4559 472 4616 Timaei
487 4559 633 4617 Platonici
648 4558 686 4616 ab
699 4557 856 4624 Aristotele
912 4572 1010 4617 tamen
1024 4492 1070 4618 rJes
1085 4557 1241 4617 ohscurior
1254 4572 1298 4616 est
1312 4577 1397 4635 (luam
1410 4570 1442 4615 ut
1453 4514 1609 4634 dijudicari
1622 4489 1690 4634 plos-

56 4653 165 4722 facto,
185 4648 231 4706 ita
242 4647 413 4726 Simplicius
430 4650 462 4705 in
477 4648 564 4705 Arist.
575 4648 610 4706 de
623 4646 717 4717 Caelo,
734 4667 764 4723 p.
781 4654 819 4722 l9
829 4668 856 4718 1,
912 4649 961 4706 sit.
979 4647 1057 4716 Quid
1075 4667 1146 4705 vero
1158 4648 1216 4706 sint
1228 4666 1292 4724 qnae
1318 4646 1380 4704 illic
1392 4645 1450 4723 περὶ
1462 4645 1628 4726 φιλοσοφίας,
1642 4642 1690 4701 Ιιίο

732 4807 792 4882 ΠΕ
820 4807 1043 4884 PLATONE.

571 4989 612 5036 tv.
630 4988 792 5037 Exornent
812 4989 832 5035 E
850 4988 1000 5037 Ptttottts
1017 4987 1201 5035 aununtiet.

91 5129 251 5184 Aristoteles
265 5142 341 5193 quum
365 5128 389 5177 ln
402 5124 572 5191 compendium
588 5125 706 5190 redigeret
725 5125 832 5177 Plutonis
848 5125 1027 5190 Rempuhlicam
1041 5124 1098 5177 dicit
1114 5125 1147 5176 its
1163 5144 1197 5176 ιι
1214 5126 1242 5176 ln
1261 5123 1427 5189 compendium
1444 5137 1471 5175 se
1488 5123 1607 5188 redegisse
1617 5095 1689 5174 itern-

58 5221 208 5286 publienm.
225 5236 238 5262 ν
1334 5241 1339 5252 ,
